2436 3984
341 194 357 241 1
373 192 440 243 82
1040 206 1256 238 vmzfflm
1285 205 1469 239 Aemus
1495 209 1529 239 x

479 352 526 395 et
562 346 739 409 Capys:
775 343 890 391 hinc
923 357 1103 390 nomeu
1139 343 1414 405 Campanae
1452 343 1644 392 ducitur
1681 345 1808 395 urbi.
2145 348 2237 396 145

548 456 621 504 llli
661 457 788 504 inter
821 469 930 504 sese
967 454 1076 504 duri
1115 455 1380 503 certamina
1421 454 1536 504 belli

479 545 815 596 contulerant:
855 546 1013 595 media
1049 546 1236 595 Aeneas
1274 546 1395 595 freta
1437 551 1581 595 nocte
1616 547 1827 596 secabat.

477 653 689 702 namque
727 643 781 686 ut
820 637 901 705 ab„
920 637 1150 687 Euandro
1191 639 1374 688 castris
1396 638 1647 701 ingressus
1686 638 1904 689 Etruscis

483 744 650 793 regem
684 729 783 778 adit
820 736 867 779 et
903 730 1008 792 regi
1047 734 1289 779 memorat
1326 744 1604 795 nomenque
1644 745 1896 795 genusque

478 821 655 884 quidve
687 827 820 886 petat
857 821 1032 885 quidve
1071 821 1174 885 ipse
1214 822 1350 878 ferat,
1387 821 1654 871 Mezentius
1691 837 1826 872 arma
2146 825 2243 873 150

478 928 603 976 quae
645 912 738 962 sibi
777 912 1018 970 conciliet,
1057 911 1363 976 violentaque
1401 919 1599 977 pectora
1634 913 1788 963 Turni

479 1004 666 1060 edocet;
707 1004 935 1054 humanis
973 1019 1099 1069 quae
1137 1006 1196 1054 sit
1233 1005 1408 1055 fiducia
1447 1005 1597 1055 rebus

477 1095 708 1145 admonet
745 1097 1069 1161 inmiscetque
1106 1112 1308 1161 preces:
1347 1098 1464 1146 haut
1500 1098 1552 1146 fit
1585 1113 1740 1155 mora,
1780 1098 2008 1147 Tarchon

479 1188 634 1251 iungit
672 1203 790 1252 opes
828 1188 1099 1254 foedusque
1141 1189 1279 1245 ferit;
1317 1194 1423 1239 tum
1459 1189 1616 1239 libera
1653 1190 1736 1238 sati

482 1277 687 1328 classem
727 1281 1012 1331 conscendit
1049 1282 1193 1331 iussis
1223 1297 1345 1346 gens
1381 1281 1529 1347 Lydia
1568 1282 1744 1338 divom,
2148 1282 2242 1332 155

479 1376 682 1420 externo
718 1375 976 1424 commissa
1015 1373 1144 1423 duci.
1208 1374 1385 1423 Aeneia
1424 1374 1605 1438 puppis

335 1573 675 1608 TESTIMONIA.

451 1648 531 1688 147
568 1648 744 1688 ‘media
777 1680 786 1690 .
813 1680 822 1689 .
848 1679 857 1690 .
892 1647 1109 1694 secabat’
1144 1649 1331 1689 Servius
1362 1648 1474 1689 Aen.
1506 1649 1543 1688 X
1577 1648 1660 1688 215
1836 1648 1916 1689 148
1946 1662 2010 1702 sq.
2059 1649 2245 1691 Servius

333 1704 446 1745 Aen.
477 1705 587 1745 VIII
617 1704 699 1746 607
851 1704 928 1745 148
963 1706 1152 1746 ‘castris
1184 1706 1215 1745 i.
1246 1703 1316 1744 132
1350 1706 1604 1745 Arusianus
1634 1719 1676 1758 p.
1708 1705 1793 1746 239
1823 1707 1875 1746 L.
2022 1705 2246 1747 149—154

337 1761 518 1814 ‘regem
549 1792 559 1802 .
585 1792 594 1801 .
620 1792 630 1801 .
666 1760 799 1802 ferit'
841 1762 1079 1802 Charisius
1110 1761 1195 1802 250
1224 1762 1473 1803 Diomedes
1503 1761 1587 1801 439
1617 1762 1747 1802 Beda
1768 1763 1832 1802 -de
1865 1766 1981 1815 trop.
2014 1761 2097 1803 376
2129 1762 2241 1816 Cap.

454 1817 531 1859 149
561 1819 828 1859 Priscianus
864 1817 971 1858 1202
993 1819 1042 1860 Ρ.
1074 1819 1251 1859 Nonius
1283 1818 1380 1869 237,
1406 1818 1461 1858 26
1490 1818 1692 1858 Isidorus
1725 1818 1838 1872 orig.
1870 1819 1893 1859 Ι
1921 1818 1990 1870 35,
2015 1819 2042 1858 4
2071 1820 2245 1860 Donati

336 1887 410 1915 ars
440 1875 508 1914 111
538 1875 577 1924 5,
613 1876 639 1913 2
670 1876 916 1928 Pompeius
949 1874 1032 1915 456
1062 1876 1116 1916 L.
1295 1875 1475 1928 ‘regem
1507 1905 1517 1914 .
1543 1905 1554 1915 .
1581 1905 1590 1914 .
1623 1873 1868 1915 memorat'
1909 1875 2129 1916 Claudius
2162 1876 2243 1916 Sa-

338 1931 500 1972 cerdos
531 1933 553 1972 I
589 1930 669 1972 128
844 1931 924 1972 152
965 1931 1198 1972 ‘humanis
1233 1963 1243 1972 .
1268 1961 1277 1971 .
1303 1961 1313 1971 .
1347 1930 1506 1972 rebus'
1541 1931 1728 1972 Servius
1759 1931 1873 1972 Aen.
1906 1932 2018 1972 VIII
2052 1930 2133 1972 150

337 1986 416 2028 153
448 2001 514 2040 sq.
550 1987 686 2028 ‘haut
718 2018 728 2028 .
752 2018 762 2028 .
789 2019 798 2029 .
834 1987 966 2028 ferit’
1007 1989 1183 2028 Nonius
1214 1987 1312 2036 311,
1348 1987 1398 2027 17
1575 1987 1654 2028 154
1685 2001 1750 2040 sq.
1806 1989 1923 2028 ‘tum
1956 2019 1966 2029 .
1991 2018 2002 2029 .
2027 2019 2037 2029 .
2071 1988 2241 2030 divom’

334 2044 586 2085 Arusianus
618 2058 661 2097 p.
695 2045 779 2084 244
808 2046 862 2085 L.
1031 2043 1110 2084 156
1142 2058 1208 2096 sq.
1243 2044 1444 2084 ‘Aeneia
1477 2076 1486 2085 .
1513 2075 1521 2085 .
1546 2074 1556 2084 .
1590 2042 1743 2085 ‘tenet'
1777 2044 2016 2085 Charisius
2050 2044 2130 2085 128

337 2099 417 2140 156
452 2101 650 2141 ‘Aeneia
680 2099 741 2154 p.’
774 2101 1022 2141 Diomedes
1054 2115 1096 2154 p.
1129 2100 1212 2141 310
1243 2102 1294 2141 Ρ.
1331 2100 1532 2141 Charisii
1565 2113 1662 2141 exc.
1696 2099 1792 2152 535,
1827 2101 1851 2139 7
1883 2102 1938 2142 Κ.

331 2287 493 2321 VAR1A
525 2280 735 2320 an'mo.
1432 2325 1463 2344 Α

1684 2324 1716 2355 Α
2143 2324 2171 2357 Ε

476 2377 558 2420 145
585 2373 711 2433 capis
731 2373 784 2419 bl
884 2371 988 2417 hinc
1014 2367 1119 2417 nom
1145 2373 1194 2416 in
1221 2385 1318 2416 ras.
1348 2373 1373 2417 b
1483 2371 1740 2417 CAMPANE
1766 2372 1811 2417 P
1849 2371 2156 2418 CAMPAENA
2191 2372 2246 2418 M

332 2457 544 2503 campane
569 2458 599 2504 γ
738 2443 877 2488 URBE
905 2441 955 2501 (E
984 2457 1112 2488 corr.
1140 2444 1187 2487 in
1214 2441 1248 2501 l)
1273 2441 1329 2487 M
1471 2447 1551 2492 147
1581 2442 1898 2488 Contullerant
1923 2449 1976 2504 γι
2125 2443 2242 2490 freta

333 2513 440 2572 (fret
466 2515 515 2558 in
541 2510 658 2576 ras.)
687 2513 713 2558 b
839 2513 1041 2559 seccabat
1067 2520 1123 2574 yl
1275 2519 1355 2561 148
1383 2513 1578 2573 ingresi.
1606 2515 1653 2560 bl
1811 2518 1890 2563 149
1917 2513 2059 2558 ΑΒΙΙΤ
2085 2515 2130 2559 P

332 2574 637 2630 MEMORANT
669 2584 712 2629 R
811 2584 1038 2644 decusque
1064 2585 1330 2639 Diomedes,
1354 2584 1537 2634 2111189
1635 2589 1719 2632 150
1747 2585 1908 2628 ‘mulli
1929 2589 2085 2630 autem
2114 2585 2243 2646 quid-

333 2669 420 2715 que
448 2661 573 2715 petat
600 2655 799 2715 quidque
826 2655 924 2715 ipse
940 2655 1065 2711 ferat
1091 2657 1252 2701 dicunt
1277 2657 1543 2713 oportuisse
1565 2654 1680 2701 dici'
1707 2654 1904 2700 Servius
1940 2655 2104 2715 quidue
2127 2657 2244 2702 ferat

332 2725 499 2786 quidue
527 2725 623 2786 ipse
652 2732 778 2786 petat
807 2724 1017 2771 Charisii
1041 2728 1144 2772 cod.
1272 2726 1433 2786 quidve
1458 2721 1580 2790 ipse]
1609 2723 1914 2780 AVTQVIDVE
1943 2722 2031 2788 (AV
2053 2732 2098 2772 et
2124 2727 2175 2771 VI
2198 2732 2243 2772 et

293 2866 295 2869 ,
332 2824 400 2869 VE
424 2826 473 2870 in
500 2823 618 2884 ras.)
643 2825 687 2870 P
721 2830 799 2871 aut
820 2790 1076 2885 *quidueipse
1102 2841 1132 2886 γ
1181 2825 1413 2870 Videntur
1433 2824 1585 2884 fuisse
1614 2826 1697 2883 qui
1721 2824 1882 2885 quidve
1912 2820 2001 2886 (vel
2025 2825 2241 2885 quidque)

331 2901 457 2956 petat
497 2901 574 2940 aut
621 2896 719 2955 ipse
754 2896 871 2941 ferat
914 2896 1194 2942 scriberent.
1289 2924 1297 2934 x
1340 2894 1681 2941 MEZZENTIVS
1713 2895 1757 2940 R
1814 2894 2158 2941 MEZZENTIUS
2190 2895 2248 2941 M

332 2980 428 3011 me.
447 2965 622 3011 zentius
643 2966 668 3010 b
775 2973 851 3014 151
883 2966 1193 3012 VlVOLENTA
1217 2967 1262 3012 P
1357 2971 1440 3014 152
1465 2965 1645 3011 etdocet
1671 2966 1718 3025 (i.
1738 2979 1777 3011 e.
1804 2965 2008 3025 ecdocet)
2037 2966 2246 3012 Charisii

330 3038 432 3082 cod.
531 3041 615 3084 153
639 3036 896 3092 IMMISCET
925 3036 1026 3082 MR
1064 3038 1281 3083 admiscet
1310 3037 1517 3083 Charisii
1540 3039 1641 3082 cod.
1740 3036 1947 3082 PRECES
1974 3036 2022 3096 (S
2047 3038 2096 3082 in
2122 3037 2240 3096 ras.)

331 3107 377 3152 P
426 3105 684 3152 PRAECES
709 3106 763 3150 M
905 3108 997 3152 Alii
1021 3108 1096 3153 hic
1125 3109 1379 3167 apodosin,
1414 3110 1550 3153 euius
1578 3109 1801 3166 protasia
1831 3122 1870 3152 v.
1900 3113 1984 3156 148
2008 3112 2238 3167 statuunt,

330 3207 633 3252 concludunt.
761 3211 836 3250 aut
868 3220 897 3266 γ
945 3206 1063 3251 haud
1088 3207 1143 3251 bc
1269 3189 1498 3253 MAI'ORA
1526 3207 1580 3251 M
1700 3205 1921 3251 t.archon
1948 3220 1978 3266 y
2024 3211 2181 3250 larcon
2213 3219 2239 3250 c

318 3279 551 3351 ‘TARCHo
579 3305 616 3350 R
656 3305 766 3350 ‘hoc
791 3316 957 3350 nomen
979 3305 1150 3363 ubique
1175 3306 1357 3351 Graece
1379 3307 1514 3364 ponit
1537 3310 1740 3363 excepto
1759 3318 1853 3349 uno
1873 3304 1974 3348 loco
1995 3299 2238 3365 (v111603)’

334 3417 528 3463 Servius
674 3423 757 3465 154
787 3417 920 3462 fedul'
939 3418 989 3462 in
1019 3429 1118 3462 ras
1148 3418 1174 3462 b
1235 3391 1237 3393 ι
1319 3384 1506 3479 serit]E
1513 3369 1680 3462 ΡΙἸΡΕΒΓ
1709 3417 1803 3460 P.
1820 3415 1948 3460 ‚ferit
1974 3429 2004 3474 γ
2131 3415 2237 3461 sacti
2293 3471 2295 3473 V

334 3488 566 3533 Arusiani
591 3487 677 3534 Gu.
716 3468 827 3534 fatis
848 3487 1006 3533 Servii
1028 3490 1234 3545 extempl.
1274 3487 1546 3533 Genetivum
1574 3491 1776 3532 testatur
1806 3483 2094 3530 Arusianus.

337 3540 416 3607 1‘55
443 3549 610 3604 DIVOM
619 3557 690 3620 (0
719 3571 847 3604 corr
875 3560 923 3603 in
950 3557 1000 3614 V)
1026 3558 1070 3603 P
1099 3558 1222 3604 DIVO
1248 3558 1291 3603 R
1330 3558 1497 3604 DIUUM
1522 3557 1663 3619 Mybc
1763 3561 1843 3606 156
1870 3555 2004 3601 DVCE
2032 3554 2080 3615 (E
2107 3569 2238 3601 corr.
