2436 3984
379 179 476 229 160
1067 195 1283 229 vnnmm
1307 193 1496 228 Anums
1523 196 1578 227 ix

518 334 601 381 ‘sit
646 332 776 388 satiS,
814 331 1014 387 Aenide,
1051 329 1160 378 telis
1198 331 1382 394 inpune
1417 331 1694 381 Numanum

516 424 776 486 oppetiisse
809 423 932 477 tuis;
972 423 1182 485 primam
1218 421 1346 470 hanc
1378 421 1467 470 tibi
1503 437 1711 485 magnus
1748 424 1919 488 Apollo

516 514 739 562 concedit
774 511 970 561 laudem
1011 517 1058 561 et
1093 512 1295 582 paribus
1332 527 1431 561 non
1468 514 1648 563 invidet
1685 516 1860 563 armis:
2170 515 2271 565 655

515 610 675 653 cetera
709 619 875 668 parce,
908 619 1048 668 puer,
1089 603 1249 653 bello.’
1305 605 1375 653 sic
1412 620 1552 654 orsus
1590 604 1761 669 Apollo

513 695 730 743 mortalis
766 696 927 744 medio
966 701 1192 759 aspectus
1230 710 1458 745 sermone
1488 696 1684 763 reliquit

513 793 559 836 et
589 787 763 851 procul
797 788 846 835 in
878 793 1075 836 tenuem
1116 804 1172 836 ex
1211 787 1366 836 oculis
1404 790 1600 837 evanuit
1631 804 1817 837 auram.

513 879 789 942 adgnovere
828 879 975 928 deum
1012 894 1248 943 proceres
1287 879 1545 944 divinaque
1573 879 1669 928 tela

512 964 818 1020 Dardanidae
855 971 1239 1035 pharetramque
1276 971 1389 1035 fuga
1428 986 1628 1021 sensere
1666 977 1936 1021 sonantem.
2172 973 2272 1022 660

513 1077 631 1126 ergo
670 1062 876 1111 avidum
897 1078 1092 1127 pugnae
1132 1063 1275 1112 dictis
1313 1079 1370 1112 ac
1405 1064 1604 1113 numine
1644 1063 1832 1113 Phoebi

511 1155 774 1203 Ascanium
810 1154 1090 1219 prohibent,
1123 1156 1216 1219 ipsi
1252 1155 1302 1203 in
1336 1157 1600 1204 certamina
1636 1171 1808 1205 rursus

514 1246 787 1294 succedunt
822 1248 1109 1311 animasque
1146 1247 1198 1295 in
1234 1252 1401 1311 aperta
1440 1247 1658 1311 pericula
1694 1249 1904 1297 mittunt.

435 1381 438 1384 .
510 1339 545 1386 it
584 1337 768 1386 clamor
804 1339 918 1386 totis
954 1354 1044 1403 per
1081 1338 1450 1404 propugnacula
1486 1341 1657 1397 muris,

508 1430 767 1479 intendunt
799 1431 926 1479 acris
964 1446 1109 1480 arcus
1146 1437 1489 1496 ammentaque
1521 1437 1767 1496 torquent.
2169 1431 2270 1482 665

510 1523 743 1571 sternitur
785 1537 930 1571 omne
968 1522 1127 1572 solum
1165 1523 1288 1580 telis,
1330 1529 1431 1572 tum
1471 1530 1604 1572 scuta
1646 1539 1889 1588 cavaeque

511 1614 627 1662 dant
663 1614 874 1663 sonitum
908 1614 1043 1664 flictu
1081 1615 1264 1678 galeae,
1303 1629 1464 1679 pugna
1506 1630 1679 1680 aspera
1719 1617 1899 1678 surgit:

510 1710 719 1770 quantus
756 1705 815 1754 ab
848 1720 1023 1756 occasu
1067 1708 1266 1756 veniens
1304 1706 1595 1770 pluvialibus
1633 1707 1803 1756 haedis

366 1905 704 1940 TESTIMONIA.

479 1973 561 2015 653
594 1973 676 2014 ‘sit
707 1987 741 2014 s.
776 1973 842 2017 A)
876 1975 1014 2016 Probi
1045 1976 1150 2015 inst.
1183 1976 1206 2015 I
1237 1974 1277 2027 9,
1311 1973 1338 2015 9
1481 1974 1565 2016 653
1597 1989 1661 2028 sq.
1699 1975 1780 2016 ‘sit
1811 2007 1821 2017 .
1846 2006 1856 2016 .
1881 2005 1892 2017 .
1923 1973 2038 2017 tuis’
2072 1976 2270 2017 Priscia-

365 2043 449 2070 nus
480 2029 576 2071 583.
609 2029 706 2070 730.
741 2029 850 2070 1244
1021 2030 1103 2071 656
1137 2032 1316 2071 ‘cetera
1349 2062 1359 2071 .
1386 2060 1396 2071 .
1419 2061 1430 2071 .
1462 2031 1607 2072 bello'
1643 2031 1827 2073 Servius
1859 2033 1971 2073 Aen.
2004 2034 2045 2073 X
2080 2032 2159 2074 133

358 2086 449 2135 ,656
480 2100 545 2139 sq.
580 2087 671 2126 ‘sic
703 2100 742 2126 ο.
776 2087 834 2127 Α.
865 2087 1071 2128 mortalis
1101 2086 1249 2128 visus'
1283 2088 1532 2128 Diomedes
1563 2087 1645 2129 373
1760 2087 1844 2129 660
1878 2089 2164 2141 ‘pharetram
2186 2120 2195 2129 .
2223 2121 2232 2130 .
2259 2121 2268 2130 .

366 2141 625 2183 sonantem'
660 2143 845 2184 Servius
875 2145 987 2185 Aen.
1019 2144 1083 2185 IV
1106 2142 1188 2184 149
1288 2142 1367 2183 661
1393 2156 1458 2196 sq.
1493 2147 1624 2197 ‘ergo
1652 2177 1662 2187 .
1687 2174 1697 2184 .
1724 2175 1734 2184 .
1766 2145 2032 2198 prohibent’
2065 2146 2270 2186 Priscia—

365 2213 448 2239 nus
483 2199 590 2239 1123
705 2198 787 2239 661
824 2200 956 2254 ‘ergo
989 2231 999 2240 .
1024 2231 1034 2241 .
1059 2231 1069 2240 .
1102 2198 1260 2240 dietis’
1294 2201 1545 2242 Arusianus
1575 2215 1618 2254 p.
1651 2200 1735 2241 210
1755 2202 1808 2241 L.
1925 2200 2008 2242 665
2041 2202 2269 2243 ‘amenta-

367 2269 451 2308 que
483 2254 541 2295 t.'
584 2255 719 2308 gloss.
752 2256 801 2296 in
829 2257 1012 2297 Barthii
1043 2257 1144 2297 adv.
1178 2257 1394 2296 XXXVII
1423 2257 1449 2297 5
1621 2256 1704 2297 666
1752 2258 1991 2298 ‘sternitur
2022 2289 2032 2298 .
2059 2288 2069 2298 .
2093 2289 2102 2298 .
2136 2258 2266 2298 telis’

363 2313 537 2353 Nonius
569 2311 662 2362 389,
701 2312 752 2353 16
886 2312 969 2353 668
1000 2326 1066 2366 sq.
1100 2313 1321 2365 ‘quantus
1356 2344 1366 2353 .
1390 2344 1399 2352 .
1425 2344 1436 2353 .
1469 2312 1673 2353 humum’
1709 2314 1850 2354 schol.
1883 2302 1995 2356 H'or.
2029 2328 2167 2355 carm.
2201 2316 2270 2355 111

364 2369 402 2418 7,
432 2367 458 2408 6
573 2367 656 2408 668
690 2369 907 2422 ‘quantus
940 2370 997 2410 ab
1029 2368 1084 2410 o.’
1118 2370 1258 2410 Probi
1289 2371 1394 2410 inst.
1426 2371 1449 2410 I
1478 2369 1520 2422 6,
1553 2369 1580 2410 9
1698 2371 2000 2423 ‘pluvialibus
2030 2370 2091 2411 h.’
2126 2372 2267 2413 schol.

362 2425 476 2466 Hor.
511 2438 649 2465 carm.
684 2426 752 2466 III
786 2426 822 2477 1,
856 2427 911 2465 24
943 2426 1128 2468 Servius
1160 2439 1232 2480 ge.
1266 2427 1288 2467 I
1320 2425 1402 2466 205
1466 2479 1475 2486 .

361 2612 525 2645 VARIA
548 2595 757 2646 Lnowro.

499 2687 584 2732 653
610 2698 659 2729 ae
671 2684 792 2754 Nide
822 2683 888 2743 (ni
913 2686 962 2729 in
987 2697 1083 2729 ras.
1111 2686 1254 2730 trium
1282 2661 1367 2744 lit.)
1394 2685 1419 2729 b
1457 2685 1638 2730 aenidae
1668 2685 1818 2731 Probi
1839 2687 1941 2731 cod.
1980 2684 2267 2732 AENEADAE
2316 2667 2332 2678 ²

370 2755 407 2800 R
445 2754 656 2800 aeneida'e
685 2769 712 2814 χ
747 2755 944 2800 Aeneide
969 2754 1166 2802 Servius
1202 2756 1370 2801 Aenide
1405 2761 1609 2802 testatur
1632 2757 1918 2801 Priscianus
2024 2757 2139 2802 Post
2164 2757 2266 2802 telis

361 2827 534 2884 interp.
562 2826 607 2871 P
723 2825 922 2871 IMPVNE
953 2826 1028 2872 Rb
1146 2826 1414 2871 NVMANVM
1440 2826 1494 2886 (N
1520 2829 1601 2872 alt,
1629 2829 1678 2872 in
1705 2840 1819 2879 ras„
1849 2842 1909 2872 m.
1939 2834 1961 2874 l
1985 2827 2102 2886 fort.
2129 2825 2196 2889 LI)
2225 2828 2270 2873 P

359 2939 603 2969 numanum
629 2923 671 2982 (a
696 2926 744 2969 in
770 2923 888 2983 ras.)
916 2926 941 2969 b
1087 2930 1175 2974 654
1207 2925 1523 2971 oppa'rnssss
1549 2926 1595 2970 P
1638 2902 1867 2986 oppsarre
1890 2941 1919 2987 y
1966 2925 2261 2971 oPPE'rlssss

357 3009 456 3053 MR
578 3004 692 3070 tuis]
722 3009 754 3052 T
782 3010 832 3053 in
859 3023 958 3054 ras.
992 3009 1037 3053 P
1154 3009 1337 3070 appollo
1364 3025 1394 3071 γ
1514 3015 1594 3059 657
1625 3010 1840 3056 Mortales
1865 3025 1891 3056 c
2016 3010 2264 3056 ASPECTV

357 3079 499 3123 MPR
534 3079 729 3139 aspectu,
757 3080 805 3124 in
832 3094 923 3138 my.
956 3081 1001 3125 a}
1026 3080 1151 3126 uisus
1168 3095 1198 3142 y
1226 3097 1237 3125 ε
1264 3079 1328 3138 cf.
1355 3081 1411 3125 IV
1434 3084 1519 3136 277
1553 3081 1675 3126 visus
1705 3081 1957 3127 Diomedes
2081 3087 2167 3130 658
2191 3100 2260 3121 =

356 3164 411 3208 IV
440 3169 527 3212 278
622 3169 707 3212 659
730 3164 973 3223 Agnouere
999 3178 1026 3209 c
1118 3145 1330 3225 proceres
1349 3181 1379 3226 γ
1484 3171 1564 3215 661
1594 3166 1663 3210 AC
1685 3165 1803 3225 fort.
1830 3168 1879 3212 in
1904 3179 2002 3211 ras.
2034 3166 2079 3210 R
2109 3164 2184 3209 ET
2209 3163 2267 3208 M

457 3234 640 3280 numina
669 3249 699 3294 γ
797 3238 883 3282 664
908 3235 958 3278 ID
988 3235 1055 3296 Py
1088 3235 1158 3280 ET
1186 3235 1264 3284 Ml
1382 3236 1603 3282 CLAMOR
1628 3236 1804 3282 TOTIS·
1834 3237 1880 3281 P
1910 3236 2020 3282 totis
2038 3234 2208 3281 clamor
2235 3249 2260 3280 c

457 3310 542 3354 665
570 3305 697 3350 acres
717 3318 742 3350 c
867 3305 1131 3351 ARMENTA
1159 3307 1202 3351 R
1320 3311 1406 3356 666
1431 3322 1539 3353 caue
1567 3323 1596 3368 y
1725 3311 1809 3356 667
1834 3301 1963 3367 dant]
1988 3306 2060 3349 NT
2085 3307 2135 3350 in
2159 3319 2257 3350 ras.

357 3381 408 3420 ut
433 3377 522 3421 vid.
549 3376 594 3420 P
736 3375 968 3421 SONITVM
994 3377 1040 3420 P
1177 3376 1318 3423 fluctu
1343 3384 1396 3438 γΙ
1438 3377 1703 3422 ADFLICTV
1730 3377 1774 3421 R
1822 3375 2093 3423 ATFLICTU
2118 3376 2174 3420 M
2205 3377 2259 3422 ad

357 3474 526 3520 flictum
554 3476 818 3540 Paldamus
857 3475 1007 3521 ‘flictu
1031 3490 1125 3533 pro
1152 3472 1347 3521 affiictu’
1383 3475 1579 3521 Servius
1697 3480 1784 3537 668
1813 3450 2085 3529 'QUANTUS
2110 3474 2166 3521 M

356 3544 650 3590 PLUBIALIB·
681 3546 739 3591 M
834 3546 957 3591 aedis
977 3561 1006 3607 γ
1045 3545 1237 3592 HERBIS
1266 3545 1309 3591 R
