<?xml version="1.0" encoding="UTF-8"?>
<!DOCTYPE html PUBLIC "-//W3C//DTD XHTML 1.0 Transitional//EN"
    "http://www.w3.org/TR/xhtml1/DTD/xhtml1-transitional.dtd">
<html xmlns="http://www.w3.org/1999/xhtml" xml:lang="en" lang="en">
 <head>
  <title>
</title>
<meta http-equiv="Content-Type" content="text/html;charset=utf-8" />
  <meta name='ocr-system' content='tesseract 3.04.00' />
  <meta name='ocr-capabilities' content='ocr_page ocr_carea ocr_par ocr_line ocrx_word'/>
</head>
<body>
  <div class='ocr_page' id='page_1' title='image "./operavirg03virguoft_0110.png"; bbox 0 0 2436 3984; ppageno 0'>
   <div class='ocr_carea' id='block_1_1' title="bbox 357 111 1579 161">
    <p class='ocr_par' dir='ltr' id='par_1_1' title="bbox 357 111 1579 161">
     <span class='ocr_line' id='line_1_1' title="bbox 357 111 1579 161; baseline -0.007 0"><span class='ocrx_word' id='word_1_1' title='bbox 357 111 454 161; x_wconf 81' lang='lat'>102</span> <span class='ocrx_word' id='word_1_2' title='bbox 1026 122 1242 156; x_wconf 73' lang='lat' dir='ltr'>VERGILI</span> <span class='ocrx_word' id='word_1_3' title='bbox 1270 120 1456 153; x_wconf 71' lang='lat' dir='ltr'>AENms</span> <span class='ocrx_word' id='word_1_4' title='bbox 1482 121 1579 154; x_wconf 85' lang='lat' dir='ltr'>vm</span> 
     </span>
    </p>
   </div>
   <div class='ocr_carea' id='block_1_2' title="bbox 497 257 2263 1423">
    <p class='ocr_par' dir='ltr' id='par_1_2' title="bbox 497 257 2004 324">
     <span class='ocr_line' id='line_1_2' title="bbox 497 257 2004 324; baseline -0.005 -10"><span class='ocrx_word' id='word_1_5' title='bbox 497 262 695 315; x_wconf 81' lang='lat' dir='ltr'>abstulit</span> <span class='ocrx_word' id='word_1_6' title='bbox 728 261 850 310; x_wconf 85' lang='lat' dir='ltr'>haec</span> <span class='ocrx_word' id='word_1_7' title='bbox 888 260 1074 309; x_wconf 89' lang='lat' dir='ltr'>animas</span> <span class='ocrx_word' id='word_1_8' title='bbox 1115 258 1284 307; x_wconf 81' lang='lat' dir='ltr'>dextra</span> <span class='ocrx_word' id='word_1_9' title='bbox 1324 265 1370 307; x_wconf 77' lang='lat' dir='ltr'>et</span> <span class='ocrx_word' id='word_1_10' title='bbox 1409 257 1775 307; x_wconf 79' lang='lat' dir='ltr'>totidem.exuit</span> <span class='ocrx_word' id='word_1_11' title='bbox 1813 258 2004 324; x_wconf 85' lang='lat' dir='ltr'>armis):</span> 
     </span>
    </p>

    <p class='ocr_par' dir='ltr' id='par_1_3' title="bbox 498 347 1886 416">
     <span class='ocr_line' id='line_1_3' title="bbox 498 347 1886 416; baseline -0.004 -12"><span class='ocrx_word' id='word_1_12' title='bbox 498 370 596 404; x_wconf 86' lang='lat' dir='ltr'>non</span> <span class='ocrx_word' id='word_1_13' title='bbox 636 369 724 416; x_wconf 84' lang='lat' dir='ltr'>ego</span> <span class='ocrx_word' id='word_1_14' title='bbox 761 366 893 400; x_wconf 87' lang='lat' dir='ltr'>nunc</span> <span class='ocrx_word' id='word_1_15' title='bbox 931 349 1061 400; x_wconf 85' lang='lat' dir='ltr'>dulci</span> <span class='ocrx_word' id='word_1_16' title='bbox 1097 347 1326 413; x_wconf 88' lang='lat' dir='ltr'>amplexu</span> <span class='ocrx_word' id='word_1_17' title='bbox 1367 347 1623 398; x_wconf 89' lang='lat' dir='ltr'>divellerer</span> <span class='ocrx_word' id='word_1_18' title='bbox 1665 363 1886 413; x_wconf 83' lang='lat' dir='ltr'>usquam,</span> 
     </span>
    </p>

    <p class='ocr_par' dir='ltr' id='par_1_4' title="bbox 497 426 1812 508">
     <span class='ocr_line' id='line_1_4' title="bbox 497 426 1812 508; baseline -0.005 -13"><span class='ocrx_word' id='word_1_19' title='bbox 497 451 624 502; x_wconf 85' lang='lat' dir='ltr'>nate,</span> <span class='ocrx_word' id='word_1_20' title='bbox 666 450 766 500; x_wconf 80' lang='lat' dir='ltr'>tuo,</span> <span class='ocrx_word' id='word_1_21' title='bbox 807 426 969 508; x_wconf 83' lang='lat' dir='ltr'>neque</span> <span class='ocrx_word' id='word_1_22' title='bbox 1003 442 1238 490; x_wconf 83' lang='lat' dir='ltr'>finitimos</span> <span class='ocrx_word' id='word_1_23' title='bbox 1275 439 1539 490; x_wconf 80' lang='lat' dir='ltr'>Mezentius</span> <span class='ocrx_word' id='word_1_24' title='bbox 1578 455 1812 505; x_wconf 91' lang='lat' dir='ltr'>umquam</span> 
     </span>
    </p>

    <p class='ocr_par' dir='ltr' id='par_1_5' title="bbox 497 531 2262 684">
     <span class='ocr_line' id='line_1_5' title="bbox 497 531 2262 600; baseline -0.002 -15"><span class='ocrx_word' id='word_1_25' title='bbox 497 537 612 586; x_wconf 86' lang='lat' dir='ltr'>huic</span> <span class='ocrx_word' id='word_1_26' title='bbox 649 536 793 600; x_wconf 87' lang='lat' dir='ltr'>capiti</span> <span class='ocrx_word' id='word_1_27' title='bbox 829 533 1066 584; x_wconf 80' lang='lat' dir='ltr'>insultans</span> <span class='ocrx_word' id='word_1_28' title='bbox 1107 538 1179 582; x_wconf 85' lang='lat' dir='ltr'>tot</span> <span class='ocrx_word' id='word_1_29' title='bbox 1218 534 1350 581; x_wconf 82' lang='lat' dir='ltr'>ferro</span> <span class='ocrx_word' id='word_1_30' title='bbox 1391 546 1532 580; x_wconf 87' lang='lat' dir='ltr'>saeva</span> <span class='ocrx_word' id='word_1_31' title='bbox 1572 531 1786 581; x_wconf 78' lang='lat' dir='ltr'>dedisset</span> <span class='ocrx_word' id='word_1_32' title='bbox 2161 533 2262 581; x_wconf 85' lang='grc'>570</span> 
     </span>
     <span class='ocr_line' id='line_1_6' title="bbox 500 611 1755 684; baseline -0.004 -7"><span class='ocrx_word' id='word_1_33' title='bbox 500 629 688 684; x_wconf 79' lang='lat' dir='ltr'>funera,</span> <span class='ocrx_word' id='word_1_34' title='bbox 728 631 824 675; x_wconf 82' lang='lat' dir='ltr'>tam</span> <span class='ocrx_word' id='word_1_35' title='bbox 864 611 1032 675; x_wconf 79' lang='lat' dir='ltr'>multis</span> <span class='ocrx_word' id='word_1_36' title='bbox 1065 625 1308 674; x_wconf 80' lang='lat' dir='ltr'>viduasset</span> <span class='ocrx_word' id='word_1_37' title='bbox 1343 622 1527 672; x_wconf 84' lang='lat' dir='ltr'>civibus</span> <span class='ocrx_word' id='word_1_38' title='bbox 1564 622 1755 673; x_wconf 89' lang='lat' dir='ltr'>urbem.</span> 
     </span>
    </p>

    <p class='ocr_par' dir='ltr' id='par_1_6' title="bbox 500 716 1822 782">
     <span class='ocr_line' id='line_1_7' title="bbox 500 716 1822 782; baseline -0.004 -14"><span class='ocrx_word' id='word_1_39' title='bbox 500 725 549 769; x_wconf 88' lang='lat' dir='ltr'>at</span> <span class='ocrx_word' id='word_1_40' title='bbox 582 733 683 775; x_wconf 75' lang='lat' dir='ltr'>VOS,</span> <span class='ocrx_word' id='word_1_41' title='bbox 724 733 752 766; x_wconf 91' lang='lat'>0</span> <span class='ocrx_word' id='word_1_42' title='bbox 792 719 974 782; x_wconf 86' lang='lat' dir='ltr'>superi,</span> <span class='ocrx_word' id='word_1_43' title='bbox 1016 724 1064 766; x_wconf 87' lang='lat' dir='ltr'>et</span> <span class='ocrx_word' id='word_1_44' title='bbox 1103 716 1263 765; x_wconf 91' lang='lat' dir='ltr'>divom</span> <span class='ocrx_word' id='word_1_45' title='bbox 1306 720 1358 764; x_wconf 86' lang='lat' dir='ltr'>tu</span> <span class='ocrx_word' id='word_1_46' title='bbox 1390 729 1619 765; x_wconf 85' lang='lat' dir='ltr'>maxume</span> <span class='ocrx_word' id='word_1_47' title='bbox 1656 720 1822 764; x_wconf 85' lang='lat' dir='ltr'>rector</span> 
     </span>
    </p>

    <p class='ocr_par' dir='ltr' id='par_1_7' title="bbox 498 807 1732 875">
     <span class='ocr_line' id='line_1_8' title="bbox 498 807 1732 875; baseline -0.004 -15"><span class='ocrx_word' id='word_1_48' title='bbox 498 811 735 875; x_wconf 89' lang='lat' dir='ltr'>Iuppiter,</span> <span class='ocrx_word' id='word_1_49' title='bbox 773 809 980 866; x_wconf 85' lang='lat' dir='ltr'>Arcadii,</span> <span class='ocrx_word' id='word_1_50' title='bbox 1023 822 1220 873; x_wconf 79' lang='lat' dir='ltr'>quaeso,</span> <span class='ocrx_word' id='word_1_51' title='bbox 1261 807 1562 856; x_wconf 82' lang='lat' dir='ltr'>miserescite</span> <span class='ocrx_word' id='word_1_52' title='bbox 1599 807 1732 871; x_wconf 86' lang='lat' dir='ltr'>regis</span> 
     </span>
    </p>

    <p class='ocr_par' dir='ltr' id='par_1_8' title="bbox 501 893 1739 967">
     <span class='ocr_line' id='line_1_9' title="bbox 501 893 1739 967; baseline -0.003 -15"><span class='ocrx_word' id='word_1_53' title='bbox 501 908 549 952; x_wconf 86' lang='lat' dir='ltr'>et</span> <span class='ocrx_word' id='word_1_54' title='bbox 588 903 775 967; x_wconf 85' lang='lat' dir='ltr'>patrias</span> <span class='ocrx_word' id='word_1_55' title='bbox 814 893 975 950; x_wconf 72' lang='lat' dir='ltr'>audit&#39;e</span> <span class='ocrx_word' id='word_1_56' title='bbox 1007 915 1197 965; x_wconf 73' lang='lat' dir='ltr'>preces,</span> <span class='ocrx_word' id='word_1_57' title='bbox 1259 900 1298 948; x_wconf 89' lang='lat' dir='ltr'>si</span> <span class='ocrx_word' id='word_1_58' title='bbox 1340 899 1541 948; x_wconf 87' lang='lat' dir='ltr'>numina</span> <span class='ocrx_word' id='word_1_59' title='bbox 1579 905 1739 948; x_wconf 76' lang='lat' dir='ltr'>vestra</span> 
     </span>
    </p>

    <p class='ocr_par' dir='ltr' id='par_1_9' title="bbox 501 990 2263 1135">
     <span class='ocr_line' id='line_1_10' title="bbox 502 990 2263 1049; baseline -0.002 -6"><span class='ocrx_word' id='word_1_60' title='bbox 502 993 801 1043; x_wconf 89' lang='lat' dir='ltr'>incolumem</span> <span class='ocrx_word' id='word_1_61' title='bbox 840 992 1057 1042; x_wconf 81' lang='lat' dir='ltr'>Pallanta</span> <span class='ocrx_word' id='word_1_62' title='bbox 1093 991 1227 1049; x_wconf 84' lang='lat' dir='ltr'>mihi,</span> <span class='ocrx_word' id='word_1_63' title='bbox 1266 992 1306 1040; x_wconf 89' lang='lat' dir='ltr'>si</span> <span class='ocrx_word' id='word_1_64' title='bbox 1345 990 1440 1040; x_wconf 81' lang='lat' dir='ltr'>fata</span> <span class='ocrx_word' id='word_1_65' title='bbox 1475 995 1744 1046; x_wconf 74' lang='lat' dir='ltr'>reservant,</span> <span class='ocrx_word' id='word_1_66' title='bbox 2161 991 2263 1039; x_wconf 88' lang='lat'>575</span> 
     </span>
     <span class='ocr_line' id='line_1_11' title="bbox 501 1083 1724 1135; baseline -0.002 -1"><span class='ocrx_word' id='word_1_67' title='bbox 501 1086 540 1134; x_wconf 89' lang='lat' dir='ltr'>si</span> <span class='ocrx_word' id='word_1_68' title='bbox 578 1085 768 1135; x_wconf 86' lang='lat' dir='ltr'>visurus</span> <span class='ocrx_word' id='word_1_69' title='bbox 805 1100 917 1134; x_wconf 90' lang='lat' dir='ltr'>eum</span> <span class='ocrx_word' id='word_1_70' title='bbox 957 1085 1064 1132; x_wconf 88' lang='lat' dir='ltr'>vivo</span> <span class='ocrx_word' id='word_1_71' title='bbox 1104 1090 1152 1134; x_wconf 86' lang='lat' dir='ltr'>et</span> <span class='ocrx_word' id='word_1_72' title='bbox 1191 1089 1426 1133; x_wconf 88' lang='lat' dir='ltr'>venturus</span> <span class='ocrx_word' id='word_1_73' title='bbox 1461 1083 1512 1131; x_wconf 92' lang='lat' dir='ltr'>in</span> <span class='ocrx_word' id='word_1_74' title='bbox 1550 1097 1724 1132; x_wconf 89' lang='lat' dir='ltr'>unum:</span> 
     </span>
    </p>

    <p class='ocr_par' dir='ltr' id='par_1_10' title="bbox 501 1173 1721 1241">
     <span class='ocr_line' id='line_1_12' title="bbox 501 1173 1721 1241; baseline -0.003 -15"><span class='ocrx_word' id='word_1_75' title='bbox 501 1178 647 1227; x_wconf 82' lang='lat' dir='ltr'>vitam</span> <span class='ocrx_word' id='word_1_76' title='bbox 684 1192 787 1235; x_wconf 93' lang='lat' dir='ltr'>oro,</span> <span class='ocrx_word' id='word_1_77' title='bbox 828 1178 988 1241; x_wconf 80' lang='lat' dir='ltr'>patior</span> <span class='ocrx_word' id='word_1_78' title='bbox 1021 1177 1241 1240; x_wconf 88' lang='lat' dir='ltr'>quemvis</span> <span class='ocrx_word' id='word_1_79' title='bbox 1271 1176 1452 1225; x_wconf 91' lang='lat' dir='ltr'>durare</span> <span class='ocrx_word' id='word_1_80' title='bbox 1484 1173 1721 1224; x_wconf 89' lang='lat' dir='ltr'>laborem.</span> 
     </span>
    </p>

    <p class='ocr_par' dir='ltr' id='par_1_11' title="bbox 501 1266 1877 1334">
     <span class='ocr_line' id='line_1_13' title="bbox 501 1266 1877 1334; baseline -0.003 -16"><span class='ocrx_word' id='word_1_81' title='bbox 501 1271 576 1318; x_wconf 89' lang='lat' dir='ltr'>sin</span> <span class='ocrx_word' id='word_1_82' title='bbox 615 1268 826 1334; x_wconf 83' lang='lat' dir='ltr'>aliquem</span> <span class='ocrx_word' id='word_1_83' title='bbox 866 1268 1123 1317; x_wconf 78' lang='lat' dir='ltr'>infandum</span> <span class='ocrx_word' id='word_1_84' title='bbox 1156 1282 1339 1322; x_wconf 83' lang='lat' dir='ltr'>casum,</span> <span class='ocrx_word' id='word_1_85' title='bbox 1381 1266 1611 1323; x_wconf 83' lang='lat' dir='ltr'>Fortuna,</span> <span class='ocrx_word' id='word_1_86' title='bbox 1653 1266 1877 1315; x_wconf 88' lang='lat' dir='ltr'>minaris:</span> 
     </span>
    </p>

    <p class='ocr_par' dir='ltr' id='par_1_12' title="bbox 501 1357 1873 1423">
     <span class='ocr_line' id='line_1_14' title="bbox 501 1357 1873 1423; baseline -0.003 -13"><span class='ocrx_word' id='word_1_87' title='bbox 501 1376 650 1417; x_wconf 84' lang='lat' dir='ltr'>nunc,</span> <span class='ocrx_word' id='word_1_88' title='bbox 691 1377 719 1409; x_wconf 88' lang='grc' dir='ltr'>ο</span> <span class='ocrx_word' id='word_1_89' title='bbox 748 1375 880 1410; x_wconf 82' lang='lat' dir='ltr'>nunc</span> <span class='ocrx_word' id='word_1_90' title='bbox 911 1360 1056 1410; x_wconf 80' lang='lat' dir='ltr'>liceat</span> <span class='ocrx_word' id='word_1_91' title='bbox 1092 1358 1342 1409; x_wconf 85' lang='lat' dir='ltr'>crudelem</span> <span class='ocrx_word' id='word_1_92' title='bbox 1380 1357 1678 1423; x_wconf 88' lang='lat' dir='ltr'>abrumpere</span> <span class='ocrx_word' id='word_1_93' title='bbox 1714 1359 1873 1414; x_wconf 87' lang='lat' dir='ltr'>vitam,</span> 
     </span>
    </p>
   </div>
   <div class='ocr_carea' id='block_1_3' title="bbox 362 1604 695 1609">
    <p class='ocr_par' dir='ltr' id='par_1_13' title="bbox 362 1604 695 1609">
     <span class='ocr_line' id='line_1_15' title="bbox 362 1604 695 1609; baseline 0 0"><span class='ocrx_word' id='word_1_94' title='bbox 362 1604 695 1609; x_wconf 95' lang='lat' dir='ltr'> </span> 
     </span>
    </p>
   </div>
   <div class='ocr_carea' id='block_1_4' title="bbox 358 1449 2270 1845">
    <p class='ocr_par' dir='ltr' id='par_1_14' title="bbox 358 1449 2270 1845">
     <span class='ocr_line' id='line_1_16' title="bbox 501 1449 2270 1516; baseline -0.002 -14"><span class='ocrx_word' id='word_1_95' title='bbox 501 1452 619 1502; x_wconf 91' lang='lat' dir='ltr'>dum</span> <span class='ocrx_word' id='word_1_96' title='bbox 650 1467 799 1503; x_wconf 82' lang='lat' dir='ltr'>curae</span> <span class='ocrx_word' id='word_1_97' title='bbox 832 1451 1106 1516; x_wconf 88' lang='lat' dir='ltr'>ambiguae,</span> <span class='ocrx_word' id='word_1_98' title='bbox 1146 1451 1260 1501; x_wconf 91' lang='lat' dir='ltr'>dum</span> <span class='ocrx_word' id='word_1_99' title='bbox 1300 1465 1414 1516; x_wconf 88' lang='lat' dir='ltr'>spes</span> <span class='ocrx_word' id='word_1_100' title='bbox 1449 1451 1634 1500; x_wconf 86' lang='lat' dir='ltr'>incerta</span> <span class='ocrx_word' id='word_1_101' title='bbox 1675 1450 1842 1507; x_wconf 82' lang='lat' dir='ltr'>futuri,</span> <span class='ocrx_word' id='word_1_102' title='bbox 2166 1449 2270 1499; x_wconf 88' lang='lat'>580</span> 
     </span>
     <span class='ocr_line' id='line_1_17' title="bbox 358 1710 697 1744; baseline -0.003 0"><span class='ocrx_word' id='word_1_103' title='bbox 358 1710 697 1744; x_wconf 76' lang='lat' dir='ltr'>TESTIMONIA.</span> 
     </span>
     <span class='ocr_line' id='line_1_18' title="bbox 472 1786 2268 1845; baseline -0.002 -12"><span class='ocrx_word' id='word_1_104' title='bbox 472 1792 556 1834; x_wconf 87' lang='lat'>574</span> <span class='ocrx_word' id='word_1_105' title='bbox 587 1805 658 1845; x_wconf 84' lang='lat' dir='ltr'>sq.</span> <span class='ocrx_word' id='word_1_106' title='bbox 692 1791 754 1832; x_wconf 84' lang='lat' dir='ltr'>‘si</span> <span class='ocrx_word' id='word_1_107' title='bbox 790 1821 800 1831; x_wconf 89' lang='lat'><strong>.</strong></span> <span class='ocrx_word' id='word_1_108' title='bbox 825 1822 835 1831; x_wconf 93' lang='lat'><strong>.</strong></span> <span class='ocrx_word' id='word_1_109' title='bbox 860 1822 870 1832; x_wconf 93' lang='lat'>.</span> <span class='ocrx_word' id='word_1_110' title='bbox 903 1789 1166 1833; x_wconf 79' lang='lat' dir='ltr'>reservant’</span> <span class='ocrx_word' id='word_1_111' title='bbox 1202 1790 1387 1831; x_wconf 84' lang='lat' dir='ltr'>Servius</span> <span class='ocrx_word' id='word_1_112' title='bbox 1417 1790 1531 1830; x_wconf 86' lang='lat' dir='ltr'>Aen.</span> <span class='ocrx_word' id='word_1_113' title='bbox 1564 1789 1585 1830; x_wconf 99' lang='lat' dir='ltr'>I</span> <span class='ocrx_word' id='word_1_114' title='bbox 1616 1787 1700 1830; x_wconf 85' lang='grc'>546</span> <span class='ocrx_word' id='word_1_115' title='bbox 1813 1786 1898 1829; x_wconf 86' lang='grc'>576</span> <span class='ocrx_word' id='word_1_116' title='bbox 1930 1789 1994 1829; x_wconf 84' lang='lat' dir='ltr'>‘si</span> <span class='ocrx_word' id='word_1_117' title='bbox 2026 1819 2038 1830; x_wconf 87' lang='lat'><strong>.</strong></span> <span class='ocrx_word' id='word_1_118' title='bbox 2062 1819 2072 1830; x_wconf 92' lang='lat'><strong>.</strong></span> <span class='ocrx_word' id='word_1_119' title='bbox 2098 1820 2108 1830; x_wconf 95' lang='lat'>.</span> <span class='ocrx_word' id='word_1_120' title='bbox 2139 1788 2268 1832; x_wconf 90' lang='lat' dir='ltr'>vivo&#39;</span> 
     </span>
    </p>
   </div>
   <div class='ocr_carea' id='block_1_5' title="bbox 360 1843 2272 1947">
    <p class='ocr_par' dir='ltr' id='par_1_15' title="bbox 360 1843 2272 1947">
     <span class='ocr_line' id='line_1_19' title="bbox 360 1843 2272 1900; baseline -0.002 -10"><span class='ocrx_word' id='word_1_121' title='bbox 360 1849 501 1891; x_wconf 89' lang='lat' dir='ltr'>Probi</span> <span class='ocrx_word' id='word_1_122' title='bbox 533 1849 638 1890; x_wconf 84' lang='lat' dir='ltr'>inst.</span> <span class='ocrx_word' id='word_1_123' title='bbox 671 1849 694 1888; x_wconf 91' lang='lat'>1</span> <span class='ocrx_word' id='word_1_124' title='bbox 724 1847 765 1900; x_wconf 90' lang='lat'>8,</span> <span class='ocrx_word' id='word_1_125' title='bbox 789 1847 832 1888; x_wconf 92' lang='lat'>7.</span> <span class='ocrx_word' id='word_1_126' title='bbox 868 1847 931 1898; x_wconf 89' lang='grc'>17,</span> <span class='ocrx_word' id='word_1_127' title='bbox 955 1847 982 1887; x_wconf 89' lang='grc'><strong>6</strong></span> <span class='ocrx_word' id='word_1_128' title='bbox 1069 1847 1151 1888; x_wconf 90' lang='grc'>577</span> <span class='ocrx_word' id='word_1_129' title='bbox 1185 1847 1361 1900; x_wconf 85' lang='lat' dir='ltr'>‘patior</span> <span class='ocrx_word' id='word_1_130' title='bbox 1392 1876 1403 1887; x_wconf 89' lang='lat'><strong>.</strong></span> <span class='ocrx_word' id='word_1_131' title='bbox 1430 1875 1441 1887; x_wconf 91' lang='lat'><strong>.</strong></span> <span class='ocrx_word' id='word_1_132' title='bbox 1464 1877 1474 1887; x_wconf 92' lang='lat'><em>.</em></span> <span class='ocrx_word' id='word_1_133' title='bbox 1505 1843 1733 1887; x_wconf 87' lang='lat' dir='ltr'>laborem&#39;</span> <span class='ocrx_word' id='word_1_134' title='bbox 1767 1845 2017 1887; x_wconf 83' lang='lat' dir='ltr'>Arusianus</span> <span class='ocrx_word' id='word_1_135' title='bbox 2047 1860 2089 1900; x_wconf 87' lang='lat' dir='ltr'>p.</span> <span class='ocrx_word' id='word_1_136' title='bbox 2112 1847 2195 1886; x_wconf 84' lang='lat'>254</span> <span class='ocrx_word' id='word_1_137' title='bbox 2215 1847 2272 1887; x_wconf 90' lang='lat' dir='ltr'>L.</span> 
     </span>
     <span class='ocr_line' id='line_1_20' title="bbox 473 1903 1424 1947; baseline -0.004 -1"><span class='ocrx_word' id='word_1_138' title='bbox 473 1904 557 1947; x_wconf 83' lang='grc'>579</span> <span class='ocrx_word' id='word_1_139' title='bbox 588 1904 732 1946; x_wconf 83' lang='lat' dir='ltr'>schol.</span> <span class='ocrx_word' id='word_1_140' title='bbox 765 1904 916 1946; x_wconf 85' lang='lat' dir='ltr'>Persii</span> <span class='ocrx_word' id='word_1_141' title='bbox 946 1905 968 1945; x_wconf 94' lang='lat' dir='ltr'>I</span> <span class='ocrx_word' id='word_1_142' title='bbox 1005 1903 1052 1944; x_wconf 87' lang='lat'>11</span> <span class='ocrx_word' id='word_1_143' title='bbox 1422 1922 1424 1924; x_wconf 97' lang='lat'>·</span> 
     </span>
    </p>
   </div>
   <div class='ocr_carea' id='block_1_6' title="bbox 363 2041 697 2046">
    <p class='ocr_par' dir='ltr' id='par_1_16' title="bbox 363 2041 697 2046">
     <span class='ocr_line' id='line_1_21' title="bbox 363 2041 697 2046; baseline 0 0"><span class='ocrx_word' id='word_1_144' title='bbox 363 2041 697 2046; x_wconf 95' lang='lat' dir='ltr'> </span> 
     </span>
    </p>
   </div>
   <div class='ocr_carea' id='block_1_7' title="bbox 358 2147 760 2183">
    <p class='ocr_par' dir='ltr' id='par_1_17' title="bbox 358 2147 760 2183">
     <span class='ocr_line' id='line_1_22' title="bbox 358 2147 760 2183; baseline -0.01 0"><span class='ocrx_word' id='word_1_145' title='bbox 358 2148 521 2183; x_wconf 89' lang='lat' dir='ltr'>VARIA</span> <span class='ocrx_word' id='word_1_146' title='bbox 548 2147 760 2180; x_wconf 79' lang='lat' dir='ltr'>LECTIO.</span> 
     </span>
    </p>
   </div>
   <div class='ocr_carea' id='block_1_8' title="bbox 359 2209 2272 2361">
    <p class='ocr_par' dir='ltr' id='par_1_18' title="bbox 359 2209 2272 2361">
     <span class='ocr_line' id='line_1_23' title="bbox 500 2209 2272 2290; baseline -0.001 -12"><span class='ocrx_word' id='word_1_147' title='bbox 500 2238 585 2282; x_wconf 84' lang='grc'>567</span> <span class='ocrx_word' id='word_1_148' title='bbox 615 2233 799 2282; x_wconf 88' lang='lat' dir='ltr'>animas,</span> <span class='ocrx_word' id='word_1_149' title='bbox 832 2231 1019 2277; x_wconf 85' lang='lat' dir='ltr'>totidem</span> <span class='ocrx_word' id='word_1_150' title='bbox 1042 2231 1199 2277; x_wconf 78' lang='lat' dir='ltr'>dextra</span> <span class='ocrx_word' id='word_1_151' title='bbox 1228 2230 1421 2276; x_wconf 81' lang='lat' dir='ltr'>Menlel.</span> <span class='ocrx_word' id='word_1_152' title='bbox 1441 2209 1522 2288; x_wconf 67' lang='lat' dir='ltr'>pr.</span> <span class='ocrx_word' id='word_1_153' title='bbox 1643 2230 1838 2276; x_wconf 89' lang='lat' dir='ltr'>EXSUlT</span> <span class='ocrx_word' id='word_1_154' title='bbox 1863 2230 1921 2276; x_wconf 92' lang='lat' dir='ltr'><em>M</em></span> <span class='ocrx_word' id='word_1_155' title='bbox 2039 2237 2127 2280; x_wconf 83' lang='lat'>568</span> <span class='ocrx_word' id='word_1_156' title='bbox 2157 2246 2272 2290; x_wconf 82' lang='lat' dir='ltr'>apo-</span> 
     </span>
     <span class='ocr_line' id='line_1_24' title="bbox 359 2300 2201 2361; baseline -0.002 -11"><span class='ocrx_word' id='word_1_157' title='bbox 359 2305 485 2350; x_wconf 82' lang='lat' dir='ltr'>dosis</span> <span class='ocrx_word' id='word_1_158' title='bbox 509 2304 619 2349; x_wconf 77' lang='lat' dir='ltr'>hinc</span> <span class='ocrx_word' id='word_1_159' title='bbox 645 2304 811 2361; x_wconf 82' lang='lat' dir='ltr'>incipit</span> <span class='ocrx_word' id='word_1_160' title='bbox 836 2304 885 2347; x_wconf 83' lang='lat' dir='ltr'>in</span> <span class='ocrx_word' id='word_1_161' title='bbox 911 2303 985 2347; x_wconf 86' lang='lat' dir='ltr'>ed.</span> <span class='ocrx_word' id='word_1_162' title='bbox 1015 2302 1264 2361; x_wconf 80' lang='lat' dir='ltr'>Lipsiensi,</span> <span class='ocrx_word' id='word_1_163' title='bbox 1291 2303 1442 2347; x_wconf 78' lang='lat' dir='ltr'>celeri</span> <span class='ocrx_word' id='word_1_164' title='bbox 1464 2317 1634 2360; x_wconf 76' lang='lat' dir='ltr'>novam</span> <span class='ocrx_word' id='word_1_165' title='bbox 1660 2303 1942 2348; x_wconf 80' lang='lat' dir='ltr'>sententiam</span> <span class='ocrx_word' id='word_1_166' title='bbox 1960 2300 2201 2361; x_wconf 81' lang='lat' dir='ltr'>fecerunt.</span> 
     </span>
    </p>
   </div>
   <div class='ocr_carea' id='block_1_9' title="bbox 362 2394 2275 2464">
    <p class='ocr_par' dir='ltr' id='par_1_19' title="bbox 362 2394 2275 2464">
     <span class='ocr_line' id='line_1_25' title="bbox 362 2394 2275 2464; baseline 0 -16"><span class='ocrx_word' id='word_1_167' title='bbox 362 2405 548 2463; x_wconf 84' lang='lat' dir='ltr'>usquam</span> <span class='ocrx_word' id='word_1_168' title='bbox 573 2407 633 2464; x_wconf 75' lang='lat'>72</span> <span class='ocrx_word' id='word_1_169' title='bbox 667 2403 716 2446; x_wconf 84' lang='lat' dir='ltr'>in</span> <span class='ocrx_word' id='word_1_170' title='bbox 741 2415 843 2448; x_wconf 75' lang='lat' dir='ltr'>ras·</span> <span class='ocrx_word' id='word_1_171' title='bbox 989 2406 1074 2450; x_wconf 96' lang='lat'>569</span> <span class='ocrx_word' id='word_1_172' title='bbox 1110 2400 1393 2446; x_wconf 82' lang='lat' dir='ltr'>FINITIMOS</span> <span class='ocrx_word' id='word_1_173' title='bbox 1428 2394 1474 2446; x_wconf 78' lang='lat' dir='ltr'>‘P</span> <span class='ocrx_word' id='word_1_174' title='bbox 1524 2400 1742 2447; x_wconf 82' lang='lat' dir='ltr'>finitimus</span> <span class='ocrx_word' id='word_1_175' title='bbox 1778 2400 2001 2462; x_wconf 74' lang='lat' dir='ltr'>Rottend.</span> <span class='ocrx_word' id='word_1_176' title='bbox 2033 2415 2112 2459; x_wconf 85' lang='lat' dir='ltr'>pr.</span> <span class='ocrx_word' id='word_1_177' title='bbox 2153 2416 2213 2445; x_wconf 89' lang='lat' dir='ltr'>m.</span> <span class='ocrx_word' id='word_1_178' title='bbox 2246 2406 2275 2448; x_wconf 82' lang='lat'><strong>2</strong></span> 
     </span>
    </p>
   </div>
   <div class='ocr_carea' id='block_1_10' title="bbox 362 2481 2280 2597">
    <p class='ocr_par' dir='ltr' id='par_1_20' title="bbox 362 2481 2280 2597">
     <span class='ocr_line' id='line_1_26' title="bbox 362 2481 2280 2597; baseline -0.001 -50"><span class='ocrx_word' id='word_1_179' title='bbox 362 2501 554 2547; x_wconf 70' lang='lat' dir='ltr'>finitimo</span> <span class='ocrx_word' id='word_1_180' title='bbox 590 2500 635 2561; x_wconf 87' lang='grc' dir='ltr'>(ο</span> <span class='ocrx_word' id='word_1_181' title='bbox 674 2502 723 2546; x_wconf 81' lang='lat' dir='ltr'>in</span> <span class='ocrx_word' id='word_1_182' title='bbox 760 2499 880 2559; x_wconf 85' lang='lat' dir='ltr'>ras.)</span> <span class='ocrx_word' id='word_1_183' title='bbox 919 2500 946 2546; x_wconf 89' lang='lat' dir='ltr'><strong><em>b</em></strong></span> <span class='ocrx_word' id='word_1_184' title='bbox 1004 2499 1247 2545; x_wconf 88' lang='lat' dir='ltr'>FINITIMO</span> <span class='ocrx_word' id='word_1_185' title='bbox 1282 2498 1463 2560; x_wconf 79' lang='lat' dir='ltr'><em>MRyc,</em></span> <span class='ocrx_word' id='word_1_186' title='bbox 1514 2499 1710 2546; x_wconf 82' lang='lat' dir='ltr'>Servius</span> <span class='ocrx_word' id='word_1_187' title='bbox 1742 2481 2191 2597; x_wconf 52' lang='lat' dir='ltr'>ortisMEZ&#39;ZENTIUS</span> <span class='ocrx_word' id='word_1_188' title='bbox 2223 2498 2280 2545; x_wconf 91' lang='lat' dir='ltr'><em>M</em></span> 
     </span>
    </p>
   </div>
   <div class='ocr_carea' id='block_1_11' title="bbox 357 2611 2273 2900">
    <p class='ocr_par' dir='ltr' id='par_1_21' title="bbox 357 2611 2273 2900">
     <span class='ocr_line' id='line_1_27' title="bbox 363 2611 2272 2673; baseline -0.002 -12"><span class='ocrx_word' id='word_1_189' title='bbox 363 2630 458 2661; x_wconf 87' lang='lat' dir='ltr'>me.</span> <span class='ocrx_word' id='word_1_190' title='bbox 474 2613 651 2659; x_wconf 78' lang='lat' dir='ltr'>zentiul&#39;</span> <span class='ocrx_word' id='word_1_191' title='bbox 682 2615 707 2659; x_wconf 87' lang='lat' dir='ltr'><strong><em>b</em></strong></span> <span class='ocrx_word' id='word_1_192' title='bbox 766 2613 1105 2659; x_wconf 86' lang='lat' dir='ltr'>MEZZENTIVS</span> <span class='ocrx_word' id='word_1_193' title='bbox 1131 2612 1176 2658; x_wconf 88' lang='lat' dir='ltr'><em>R</em></span> <span class='ocrx_word' id='word_1_194' title='bbox 1323 2611 1545 2668; x_wconf 85' lang='lat' dir='ltr'>VSQVAM</span> <span class='ocrx_word' id='word_1_195' title='bbox 1579 2613 1696 2658; x_wconf 84' lang='lat' dir='ltr'>PRc</span> <span class='ocrx_word' id='word_1_196' title='bbox 1744 2613 1930 2673; x_wconf 75' lang='lat' dir='ltr'>usquam</span> <span class='ocrx_word' id='word_1_197' title='bbox 1979 2612 2093 2672; x_wconf 75' lang='lat' dir='ltr'>(infi&#39;</span> <span class='ocrx_word' id='word_1_198' title='bbox 2127 2625 2272 2670; x_wconf 63' lang='lat' dir='ltr'>eras„</span> 
     </span>
     <span class='ocr_line' id='line_1_28' title="bbox 357 2677 2208 2788; baseline -0.002 -15"><span class='ocrx_word' id='word_1_199' title='bbox 357 2740 610 2787; x_wconf 80' lang='lat' dir='ltr'>suprascr.</span> <span class='ocrx_word' id='word_1_200' title='bbox 639 2741 698 2772; x_wconf 90' lang='lat' dir='ltr'>m.</span> <span class='ocrx_word' id='word_1_201' title='bbox 726 2723 842 2788; x_wconf 79' lang='lat' dir='ltr'>ree.)</span> <span class='ocrx_word' id='word_1_202' title='bbox 871 2741 901 2788; x_wconf 78' lang='grc' dir='ltr'><em>γ</em></span> <span class='ocrx_word' id='word_1_203' title='bbox 936 2726 1084 2772; x_wconf 84' lang='lat' dir='ltr'>hostis</span> <span class='ocrx_word' id='word_1_204' title='bbox 1113 2725 1286 2773; x_wconf 81' lang='lat' dir='ltr'>Moret.</span> <span class='ocrx_word' id='word_1_205' title='bbox 1316 2739 1410 2772; x_wconf 82' lang='lat' dir='ltr'>sec.</span> <span class='ocrx_word' id='word_1_206' title='bbox 1533 2730 1620 2775; x_wconf 86' lang='grc'>570</span> <span class='ocrx_word' id='word_1_207' title='bbox 1649 2677 1881 2771; x_wconf 53' lang='lat' dir='ltr'>CAPITIP</span> <span class='ocrx_word' id='word_1_208' title='bbox 1966 2706 2139 2772; x_wconf 60' lang='lat' dir='ltr'>SAEVA</span> <span class='ocrx_word' id='word_1_209' title='bbox 2164 2725 2208 2770; x_wconf 93' lang='lat' dir='ltr'><em>P</em></span> 
     </span>
     <span class='ocr_line' id='line_1_29' title="bbox 360 2838 2273 2900; baseline 0.001 -15"><span class='ocrx_word' id='word_1_210' title='bbox 360 2839 633 2886; x_wconf 86' lang='lat' dir='ltr'>DEDESSET</span> <span class='ocrx_word' id='word_1_211' title='bbox 664 2840 709 2884; x_wconf 93' lang='lat' dir='ltr'><em>P</em></span> <span class='ocrx_word' id='word_1_212' title='bbox 848 2844 925 2889; x_wconf 81' lang='grc'>571</span> <span class='ocrx_word' id='word_1_213' title='bbox 966 2838 1199 2884; x_wconf 76' lang='lat' dir='ltr'>MVNERA</span> <span class='ocrx_word' id='word_1_214' title='bbox 1231 2840 1276 2885; x_wconf 94' lang='lat' dir='ltr'><em>P</em></span> <span class='ocrx_word' id='word_1_215' title='bbox 1417 2839 1578 2886; x_wconf 84' lang='lat' dir='ltr'>uiduas</span> <span class='ocrx_word' id='word_1_216' title='bbox 1602 2839 1675 2884; x_wconf 79' lang='lat' dir='ltr'>sed</span> <span class='ocrx_word' id='word_1_217' title='bbox 1713 2844 1768 2900; x_wconf 78' lang='grc' dir='ltr'>γι</span> <span class='ocrx_word' id='word_1_218' title='bbox 1916 2843 2001 2889; x_wconf 88' lang='grc'>572</span> <span class='ocrx_word' id='word_1_219' title='bbox 2032 2839 2103 2884; x_wconf 89' lang='lat' dir='ltr'>AD</span> <span class='ocrx_word' id='word_1_220' title='bbox 2127 2839 2273 2887; x_wconf 86' lang='lat' dir='ltr'>PRcl</span> 
     </span>
    </p>
   </div>
   <div class='ocr_carea' id='block_1_12' title="bbox 359 2951 2273 3134">
    <p class='ocr_par' dir='ltr' id='par_1_22' title="bbox 359 2951 2273 3098">
     <span class='ocr_line' id='line_1_30' title="bbox 361 2951 2273 3014; baseline -0.001 -16"><span class='ocrx_word' id='word_1_221' title='bbox 361 2953 442 2998; x_wconf 79' lang='grc' dir='ltr'>ΑΒ</span> <span class='ocrx_word' id='word_1_222' title='bbox 471 2953 526 2997; x_wconf 89' lang='grc' dir='ltr'><em>Μ</em></span> <span class='ocrx_word' id='word_1_223' title='bbox 620 2952 789 2998; x_wconf 89' lang='lat' dir='ltr'>DIVOM</span> <span class='ocrx_word' id='word_1_224' title='bbox 815 2951 870 3011; x_wconf 89' lang='lat' dir='ltr'>(O</span> <span class='ocrx_word' id='word_1_225' title='bbox 899 2967 1027 2998; x_wconf 86' lang='lat' dir='ltr'>corr.</span> <span class='ocrx_word' id='word_1_226' title='bbox 1061 2954 1110 2997; x_wconf 84' lang='lat' dir='ltr'>in</span> <span class='ocrx_word' id='word_1_227' title='bbox 1136 2951 1187 3010; x_wconf 84' lang='lat' dir='ltr'>V&gt;</span> <span class='ocrx_word' id='word_1_228' title='bbox 1217 2953 1261 2996; x_wconf 89' lang='lat' dir='ltr'><em>P</em></span> <span class='ocrx_word' id='word_1_229' title='bbox 1290 2952 1460 2997; x_wconf 88' lang='lat' dir='ltr'>DIVVM</span> <span class='ocrx_word' id='word_1_230' title='bbox 1487 2951 1592 3012; x_wconf 79' lang='lat' dir='ltr'>Ryc</span> <span class='ocrx_word' id='word_1_231' title='bbox 1718 2951 1831 2997; x_wconf 89' lang='lat' dir='ltr'>TVM</span> <span class='ocrx_word' id='word_1_232' title='bbox 1856 2951 1959 3014; x_wconf 80' lang='lat' dir='ltr'>Ryl</span> <span class='ocrx_word' id='word_1_233' title='bbox 2062 2951 2273 2997; x_wconf 82' lang='grc' dir='ltr'><strong>ΜΑΧΙΜΕ</strong></span> 
     </span>
     <span class='ocr_line' id='line_1_31' title="bbox 359 3035 2273 3134; baseline -0.001 -51"><span class='ocrx_word' id='word_1_234' title='bbox 359 3037 483 3083; x_wconf 86' lang='lat' dir='ltr'>MPc</span> <span class='ocrx_word' id='word_1_235' title='bbox 521 3036 742 3083; x_wconf 79' lang='lat' dir='ltr'>maximue</span> <span class='ocrx_word' id='word_1_236' title='bbox 769 3052 798 3098; x_wconf 77' lang='grc' dir='ltr'><em>γ</em></span> <span class='ocrx_word' id='word_1_237' title='bbox 836 3036 1048 3082; x_wconf 87' lang='lat' dir='ltr'>maxime</span> <span class='ocrx_word' id='word_1_238' title='bbox 1077 3035 1117 3096; x_wconf 85' lang='lat' dir='ltr'>(e</span> <span class='ocrx_word' id='word_1_239' title='bbox 1143 3038 1190 3082; x_wconf 83' lang='lat' dir='ltr'>in</span> <span class='ocrx_word' id='word_1_240' title='bbox 1218 3035 1336 3096; x_wconf 81' lang='lat' dir='ltr'>ras.)</span> <span class='ocrx_word' id='word_1_241' title='bbox 1364 3037 1390 3082; x_wconf 88' lang='lat' dir='ltr'><strong><em>b</em></strong></span> <span class='ocrx_word' id='word_1_242' title='bbox 1467 3040 1586 3134; x_wconf 81' lang='lat' dir='ltr'>S573</span> <span class='ocrx_word' id='word_1_243' title='bbox 1611 3036 1807 3082; x_wconf 84' lang='lat' dir='ltr'>archadii</span> <span class='ocrx_word' id='word_1_244' title='bbox 1834 3037 1890 3082; x_wconf 86' lang='lat' dir='ltr'>bc</span> <span class='ocrx_word' id='word_1_245' title='bbox 1997 3041 2084 3087; x_wconf 73' lang='grc'>574</span> <span class='ocrx_word' id='word_1_246' title='bbox 2108 3035 2273 3082; x_wconf 90' lang='lat' dir='ltr'>PRAE-</span> 
     </span>
    </p>
   </div>
   <div class='ocr_carea' id='block_1_13' title="bbox 361 3115 2272 3211">
    <p class='ocr_par' dir='ltr' id='par_1_23' title="bbox 361 3115 2272 3211">
     <span class='ocr_line' id='line_1_32' title="bbox 361 3115 2272 3211; baseline -0.002 -15"><span class='ocrx_word' id='word_1_247' title='bbox 361 3151 459 3197; x_wconf 86' lang='lat' dir='ltr'>CES</span> <span class='ocrx_word' id='word_1_248' title='bbox 490 3150 563 3211; x_wconf 78' lang='lat' dir='ltr'>Py</span> <span class='ocrx_word' id='word_1_249' title='bbox 684 3153 770 3198; x_wconf 85' lang='lat'>575</span> <span class='ocrx_word' id='word_1_250' title='bbox 795 3115 978 3209; x_wconf 57' lang='lat' dir='ltr'>pausania</span> <span class='ocrx_word' id='word_1_251' title='bbox 1003 3165 1033 3210; x_wconf 76' lang='grc' dir='ltr'><em>γ</em></span> <span class='ocrx_word' id='word_1_252' title='bbox 1154 3155 1240 3199; x_wconf 90' lang='lat'>576</span> <span class='ocrx_word' id='word_1_253' title='bbox 1267 3137 1514 3195; x_wconf 81' lang='lat' dir='ltr'>VISURUM</span> <span class='ocrx_word' id='word_1_254' title='bbox 1540 3148 1598 3194; x_wconf 91' lang='lat' dir='ltr'><em>M</em></span> <span class='ocrx_word' id='word_1_255' title='bbox 1689 3149 1858 3194; x_wconf 90' lang='lat' dir='ltr'>VIVVM</span> <span class='ocrx_word' id='word_1_256' title='bbox 1890 3149 1934 3194; x_wconf 87' lang='lat' dir='ltr'><em>R</em></span> <span class='ocrx_word' id='word_1_257' title='bbox 2030 3149 2144 3193; x_wconf 82' lang='lat' dir='ltr'>Post</span> <span class='ocrx_word' id='word_1_258' title='bbox 2170 3162 2272 3194; x_wconf 88' lang='lat' dir='ltr'>eum</span> 
     </span>
    </p>
   </div>
   <div class='ocr_carea' id='block_1_14' title="bbox 2405 2189 2436 3041">
    <p class='ocr_par' dir='ltr' id='par_1_24' title="bbox 2405 2189 2436 3041">
     <span class='ocr_line' id='line_1_33' title="bbox 2405 2189 2436 3041; baseline 0 0"><span class='ocrx_word' id='word_1_259' title='bbox 2405 2189 2436 3041; x_wconf 95' lang='lat' dir='ltr'> </span> 
     </span>
    </p>
   </div>
   <div class='ocr_carea' id='block_1_15' title="bbox 362 3260 2271 3426">
    <p class='ocr_par' dir='ltr' id='par_1_25' title="bbox 362 3260 2271 3426">
     <span class='ocr_line' id='line_1_34' title="bbox 362 3260 2271 3323; baseline -0.001 -14"><span class='ocrx_word' id='word_1_260' title='bbox 362 3269 406 3309; x_wconf 81' lang='lat' dir='ltr'>et</span> <span class='ocrx_word' id='word_1_261' title='bbox 430 3263 527 3308; x_wconf 87' lang='lat' dir='ltr'>vivo</span> <span class='ocrx_word' id='word_1_262' title='bbox 549 3264 723 3321; x_wconf 81' lang='lat' dir='ltr'>interp.</span> <span class='ocrx_word' id='word_1_263' title='bbox 748 3261 805 3306; x_wconf 94' lang='lat' dir='ltr'><em>M</em></span> <span class='ocrx_word' id='word_1_264' title='bbox 899 3264 982 3310; x_wconf 92' lang='grc'>577</span> <span class='ocrx_word' id='word_1_265' title='bbox 1008 3262 1226 3307; x_wconf 69' lang='lat' dir='ltr'><strong>PATIOR</strong></span> <span class='ocrx_word' id='word_1_266' title='bbox 1252 3262 1297 3306; x_wconf 95' lang='lat' dir='ltr'><em>P</em></span> <span class='ocrx_word' id='word_1_267' title='bbox 1328 3263 1474 3322; x_wconf 70' lang='lat' dir='ltr'>patiar</span> <span class='ocrx_word' id='word_1_268' title='bbox 1492 3276 1550 3323; x_wconf 77' lang='grc' dir='ltr'>γε</span> <span class='ocrx_word' id='word_1_269' title='bbox 1582 3263 1734 3322; x_wconf 80' lang='lat' dir='ltr'>patior</span> <span class='ocrx_word' id='word_1_270' title='bbox 1759 3260 1803 3319; x_wconf 89' lang='lat' dir='ltr'>(o</span> <span class='ocrx_word' id='word_1_271' title='bbox 1824 3275 1884 3305; x_wconf 89' lang='lat' dir='ltr'>m.</span> <span class='ocrx_word' id='word_1_272' title='bbox 1908 3266 1935 3308; x_wconf 92' lang='grc'>2</span> <span class='ocrx_word' id='word_1_273' title='bbox 1954 3274 2082 3306; x_wconf 83' lang='lat' dir='ltr'>corr.</span> <span class='ocrx_word' id='word_1_274' title='bbox 2104 3262 2154 3306; x_wconf 83' lang='lat' dir='ltr'>in</span> <span class='ocrx_word' id='word_1_275' title='bbox 2180 3260 2221 3320; x_wconf 85' lang='lat' dir='ltr'>a)</span> <span class='ocrx_word' id='word_1_276' title='bbox 2245 3261 2271 3307; x_wconf 85' lang='lat' dir='ltr'><strong><em>b</em></strong></span> 
     </span>
     <span class='ocr_line' id='line_1_35' title="bbox 502 3356 2271 3426; baseline -0.004 -16"><span class='ocrx_word' id='word_1_277' title='bbox 502 3367 588 3412; x_wconf 87' lang='lat'>579</span> <span class='ocrx_word' id='word_1_278' title='bbox 613 3360 681 3420; x_wconf 85' lang='lat' dir='ltr'>cf.</span> <span class='ocrx_word' id='word_1_279' title='bbox 707 3361 761 3406; x_wconf 86' lang='lat' dir='ltr'>lx</span> <span class='ocrx_word' id='word_1_280' title='bbox 786 3365 869 3410; x_wconf 78' lang='lat'>497</span> <span class='ocrx_word' id='word_1_281' title='bbox 972 3424 974 3426; x_wconf 21' lang='grc' dir='ltr'>Ι</span> <span class='ocrx_word' id='word_1_282' title='bbox 1002 3360 1144 3405; x_wconf 90' lang='lat' dir='ltr'>NVNC</span> <span class='ocrx_word' id='word_1_283' title='bbox 1172 3361 1205 3404; x_wconf 89' lang='grc' dir='ltr'><strong>Ο</strong></span> <span class='ocrx_word' id='word_1_284' title='bbox 1235 3356 1375 3404; x_wconf 88' lang='lat' dir='ltr'>NVNC</span> <span class='ocrx_word' id='word_1_285' title='bbox 1404 3360 1462 3415; x_wconf 83' lang='lat' dir='ltr'>R,</span> <span class='ocrx_word' id='word_1_286' title='bbox 1493 3359 1682 3404; x_wconf 83' lang='lat' dir='ltr'>Mentel.</span> <span class='ocrx_word' id='word_1_287' title='bbox 1703 3373 1784 3417; x_wconf 82' lang='lat' dir='ltr'>pr.</span> <span class='ocrx_word' id='word_1_288' title='bbox 1817 3358 1918 3418; x_wconf 58' lang='grc' dir='ltr'>τοί.</span> <span class='ocrx_word' id='word_1_289' title='bbox 1946 3358 1981 3403; x_wconf 88' lang='lat'>11</span> <span class='ocrx_word' id='word_1_290' title='bbox 2010 3363 2096 3407; x_wconf 76' lang='lat'>644</span> <span class='ocrx_word' id='word_1_291' title='bbox 2128 3358 2271 3424; x_wconf 86' lang='lat' dir='ltr'>NUNC</span> 
     </span>
    </p>
   </div>
   <div class='ocr_carea' id='block_1_16' title="bbox 362 3429 2272 3539">
    <p class='ocr_par' dir='ltr' id='par_1_26' title="bbox 362 3429 2272 3539">
     <span class='ocr_line' id='line_1_36' title="bbox 362 3429 2272 3539; baseline 0 -21"><span class='ocrx_word' id='word_1_292' title='bbox 362 3473 503 3539; x_wconf 63' lang='lat' dir='ltr'>NUNJ:</span> <span class='ocrx_word' id='word_1_293' title='bbox 535 3429 570 3519; x_wconf 51' lang='grc' dir='ltr'>(ς</span> <span class='ocrx_word' id='word_1_294' title='bbox 596 3473 798 3536; x_wconf 75' lang='grc' dir='ltr'><em>Μγϋοψ,</em></span> <span class='ocrx_word' id='word_1_295' title='bbox 829 3475 940 3522; x_wconf 82' lang='lat' dir='ltr'>add.</span> <span class='ocrx_word' id='word_1_296' title='bbox 968 3488 1027 3518; x_wconf 89' lang='lat' dir='ltr'>m.</span> <span class='ocrx_word' id='word_1_297' title='bbox 1059 3478 1085 3520; x_wconf 82' lang='grc'>2</span> <span class='ocrx_word' id='word_1_298' title='bbox 1113 3473 1147 3520; x_wconf 89' lang='grc' dir='ltr'><strong>Ο</strong></span> <span class='ocrx_word' id='word_1_299' title='bbox 1174 3473 1219 3518; x_wconf 90' lang='lat' dir='ltr'><em>P</em></span> <span class='ocrx_word' id='word_1_300' title='bbox 1255 3479 1360 3519; x_wconf 80' lang='lat' dir='ltr'>tune</span> <span class='ocrx_word' id='word_1_301' title='bbox 1387 3478 1494 3518; x_wconf 86' lang='lat' dir='ltr'>tunc</span> <span class='ocrx_word' id='word_1_302' title='bbox 1522 3486 1548 3517; x_wconf 91' lang='lat' dir='ltr'>o</span> <span class='ocrx_word' id='word_1_303' title='bbox 1573 3472 1718 3517; x_wconf 77' lang='lat' dir='ltr'>schol.</span> <span class='ocrx_word' id='word_1_304' title='bbox 1746 3471 1907 3517; x_wconf 82' lang='lat' dir='ltr'>Persii</span> <span class='ocrx_word' id='word_1_305' title='bbox 2001 3448 2214 3532; x_wconf 69' lang='lat' dir='ltr'>aprfipere</span> <span class='ocrx_word' id='word_1_306' title='bbox 2245 3486 2272 3518; x_wconf 87' lang='lat' dir='ltr'><strong><em>c</em></strong></span> 
     </span>
    </p>
   </div>
  </div>
 </body>
</html>
