2436 3984
847 171 1111 206 Annnmos
1135 171 1293 205 unna
1318 170 1375 204 xl
1720 166 1721 169 ’
1973 155 2074 205 405

498 308 712 338 Avcrons
719 309 756 340 Si

205 3252 304 3319 372.
333 3253 601 3309 8ορ11.,Αιιῑ.
632 3252 689 3295 29
720 3246 806 3296 ἐᾶν
836 3248 887 3295 δ’
908 3245 1087 3296 ἄκλαυ-

149 3322 234 3353 τον
262 3321 468 3364 utamur.
529 3310 636 3354 Eur.
668 3310 783 3353 Eec.
813 3310 882 3355 30.

150 3365 309 3468 6873..
356 3367 422 3410 cf.
451 3367 585 3411 Hom.
620 3366 663 3410 T
700 3366 752 3409 15
790 3358 942 3422 ἄντην
972 3363 1088 3410 εἰσι·

1451 303 1755 350 nssjrATORES.

1195 363 1292 405 283.
1328 363 1452 405 anth.
1486 365 1539 405 L.
1573 364 1642 404 III
1670 362 1743 414 81,
1774 361 1845 404 26.

1195 420 1292 461 291.
1328 423 1433 462 Ans.
1466 425 1586 463 cent.
1617 425 1745 474 nupt.
1775 421 1817 460 2.

1194 477 1278 519 303
1300 491 1365 530 sq.
1414 477 1517 521 Val.
1550 477 1623 519 Fl.
1658 477 1697 517 V
1735 475 1819 518 535
1859 488 2072 530 cuperem

1138 534 1260 574 haud
1291 534 1376 574 tali
1406 547 1489 575 vos
1520 539 1726 587 tempore
1757 533 1894 574 tectis
1924 531 2073 574 Adve-

1137 591 1263 631 nisse
1296 591 1434 641 meis,
1479 603 1567 644 quo
1598 603 1670 630 me
1702 590 1859 644 gravis
1892 588 2075 630 adsidet
2132 614 2138 619 ‹

1137 647 1295 688 hostis.
1649 680 1655 685 -

1193 702 1291 744 311.
1322 703 1430 743 Aus.
1465 707 1583 745 cent.
1612 706 1741 756 nupt.
1774 701 1843 743 21.

1129 807 1131 811 Α
1160 790 1164 793 -
1193 758 1291 801 313.
1325 759 1408 800 Sil.
1431 760 1522 800 XII
1544 757 1628 800 318
1651 772 1841 813 corpore
1874 759 1943 800 sic
1972 761 2071 800 toto

1138 829 1195 856 ac
1227 817 1442 857 membris
1472 817 1619 857 Roma
1650 815 1859 858 omnibus
1887 827 1987 859 usa.

1192 871 1276 914 333
1297 885 1363 925 sq.
1396 873 1502 916 Aus.
1537 876 1659 913 cent.
1692 876 1818 926 nupt.
1838 871 1907 912 ‘59
1927 884 1996 926 sq.

1193 927 1275 970 337
1301 942 1367 982 sq.
1401 929 1481 970 Sil.
1502 930 1567 970 XI
1598 928 1683 970 546
1714 941 1846 982 quem
1868 928 2072 983 gliscens

1137 985 1288 1039 gloria
1318 999 1507 1039 pravum
1539 986 1758 1026 Ductoris
1795 985 1946 1027 studio
1978 985 2074 1026 iam

1136 1042 1302 1082 dudum
1335 1043 1547 1097 agitabat
1578 1055 1749 1083 amaro.
1815 1076 1818 1077 ν

1193 1097 1277 1139 340
1297 1112 1361 1152 sq.
1394 1099 1474 1141 Sil.
1495 1098 1565 1139 ΙΙΙ
1585 1097 1669 1139 246
1692 1099 1767 1139 eui
1787 1111 1908 1140 vano
1931 1097 2074 1140 corda

1138 1158 1312 1196 tumore
1344 1156 1604 1196 Maternum
1644 1155 1870 1209 implebat
1911 1167 2071 1208 genus,

1193 1211 1290 1254 341.
1327 1212 1453 1255 anth.
1483 1213 1537 1252 L.
1570 1213 1591 1252 1
1626 1211 1722 1265 170,
1757 1211 1824 1253 14.

1194 1267 1292 1312 348.
1345 1269 1427 1312 Sil.
1458 1269 1504 1309 ΙΙ
1533 1267 1615 1308 281
1647 1268 1770 1309 haud
1802 1272 1960 1309 tamen
1992 1267 2072 1309 ab·

1135 1325 1346 1376 stiterim,
1400 1329 1591 1367 mortem
1637 1325 1750 1365 licet
1799 1338 1929 1366 arma
1966 1337 2070 1378 pro-

1134 1382 1372 1436 pinquent.
1407 1382 1531 1423 anth.
1563 1383 1616 1422 L.
1649 1382 1670 1421 I
1706 1380 1799 1430 178,
1831 1379 1887 1422 69
1918 1381 2071 1422 dicam

1137 1439 1370 1492 equidem,
1413 1438 1528 1479 licet
1559 1451 1688 1478 arma
1719 1438 1833 1478 mihi
1862 1442 2072 1479 mortem-

1135 1508 1222 1548 que
1244 1495 1445 1538 mineris.
1480 1495 1575 1547 147,
1599 1494 1655 1536 36
1675 1494 1788 1536 licet
1809 1507 1937 1536 arma
1957 1493 2072 1536 mihi

1133 1555 1415 1605 mortemque
1447 1552 1690 1593 minentur.

1191 1608 1274 1650 352
1291 1621 1388 1662 sqq.
1413 1608 1656 1649 Claudian.
1679 1607 1871 1649 Probini
1894 1611 1941 1649 et
1959 1607 2068 1661 Oly-

1132 1665 1223 1706 brii
1244 1665 1418 1710 consul.
1453 1664 1534 1706 140
1555 1665 1636 1706 sed
1657 1677 1836 1719 precor,
1868 1664 1957 1706 hoc
1987 1664 2068 1706 do·

1132 1735 1259 1773 num,
1302 1735 1404 1763 cum
1446 1721 1665 1763 libertate
1698 1722 1899 1773 recenti,
1938 1721 2069 1763 Adde

1132 1792 1316 1833 precor,
1367 1779 1408 1819 si
1454 1791 1568 1821 vera
1610 1782 1766 1819 manet
1806 1779 2070 1819 reverentia

1131 1836 1291 1879 nostri.

1188 1891 1287 1934 354.
1322 1891 1450 1935 anth.
1480 1893 1535 1932 L.
1567 1892 1588 1931 I
1622 1889 1719 1943 178,
1750 1889 1819 1933 86.
2097 1932 2103 1937 ,

1189 1947 1285 1990 355.
1337 1949 1444 1990 Aus.
1487 1952 1609 1991 cent.
1648 1951 1777 2002 nupt.
1812 1947 1876 1991 12.
1939 1947 2066 1991 anth.

1130 2007 1185 2046 L.
1219 2007 1241 2047 I
1275 2004 1368 2056 170,
1403 2005 1472 2049 77.

1188 2061 1272 2103 355
1293 2075 1360 2116 sq.
1413 2062 1537 2104 anth.
1576 2062 1630 2102 L.
1672 2062 1736 2102 VI
1776 2060 1857 2113 84,
1897 2060 1954 2103 50
1993 2062 2069 2103 cui

1131 2123 1288 2159 natam
1348 2119 1538 2172 egregio
1599 2131 1771 2172 genero
1823 2118 2068 2173 dignisque

1131 2175 1401 2228 hymenaeis
1418 2176 1513 2215 Dat
1532 2179 1678 2229 pater,
1700 2178 1746 2215 et
1762 2188 1928 2229 pacem
1946 2175 2067 2226 hanc

1133 2236 1326 2273 aeterno
1358 2232 1546 2274 foedere
1578 2232 1744 2286 iungit.

1188 2288 1270 2330 361
1304 2289 1409 2340 (XII
1440 2287 1559 2341 600).
1593 2290 1812 2332 Lactant.
1835 2288 1943 2331 inst.
1972 2288 2020 2330 II
2041 2287 2068 2329 8

1132 2345 1252 2400 quod
1300 2345 1488 2387 tandem
1536 2346 1598 2386 sit
1646 2349 1784 2399 caput
1821 2345 1980 2386 horum
2022 2348 2069 2386 et

1130 2416 1275 2445 causa
1296 2402 1532 2443 malorum.
1568 2402 1692 2443 anth.
1717 2403 1770 2443 L.
1795 2403 1817 2443 Ι
1850 2400 1947 2453 170,
1973 2401 2066 2445 153.

1188 2458 1286 2503 362.
1337 2458 1471 2501 Ovid.
1504 2471 1590 2502 am.
1622 2460 1644 2499 I
1675 2459 1716 2509 2,
1755 2458 1807 2498 21
1849 2458 1915 2499 nil
1955 2471 2068 2513 opus

1131 2520 1204 2558 est
1242 2515 1379 2558 bello.
1430 2516 1615 2557 veniam
1646 2528 1899 2569 pacemque
1931 2529 2064 2570 roga-

1130 2586 1285 2672 mzsssb·
1316 2628 1442 2672 anth.
1475 2629 1528 2669 L.
1563 2629 1583 2669 I
1627 2627 1721 2681 170,
1755 2627 1825 2672 51.
1866 2627 1960 2680 172,
1992 2627 2063 2670 59.

1187 2684 1284 2728 366.
1319 2685 1431 2730 ibid.
1466 2684 1562 2735 170,
1596 2685 1664 2728 51.

1186 2740 1270 2784 368
1292 2755 1360 2796 sq.
1392 2741 1503 2782 ibid.
1542 2741 1632 2792 172,
1666 2740 1721 2782 25
1742 2753 1763 2782 s
1799 2772 1808 2783 .

1186 2797 1284 2842 360.
1316 2798 1427 2842 ibid.
1462 2797 1560 2848 178,
1591 2797 1689 2841 203.
1719 2798 1745 2838 4
1807 2827 1818 2839 .

1185 2854 1266 2897 371
1291 2868 1356 2909 sq.
1407 2854 1519 2898 ibid.
1555 2853 1634 2904 89,
1683 2854 1736 2895 57
1784 2853 1969 2896 scilicet
2014 2858 2065 2896 ut

1131 2914 1328 2955 coniunx
1358 2911 1495 2954 viduo
1526 2911 1746 2952 reddatur
1763 2911 1928 2963 Atridi,
1951 2912 2063 2953 Pro·

1129 2970 1315 3012 cumbet
1373 2967 1479 3011 vilis
1530 2968 1812 3009 Teucrorum
1870 2967 2063 3011 victima

1128 3025 1370 3068 Achilles?
1429 3025 1489 3068 cf.
1531 3026 1640 3079 epit.
1671 3024 1803 3066 Iliad.
1834 3022 1919 3066 264
1957 3023 2063 3067 dum

1128 3084 1289 3125 iaceas
1319 3083 1366 3123 in
1399 3095 1552 3123 amore
1585 3086 1675 3130 tuo,
1708 3093 1790 3123 nos
1820 3080 1946 3123 bella
1983 3094 2061 3135 ge-

1129 3153 1279 3182 remus
1302 3138 1495 3180 Scilicet
1526 3139 1573 3180 et
1594 3141 1795 3180 nostrum
1819 3137 2061 3180 fundemus

1128 3197 1176 3238 in
1208 3197 1338 3239 hoste
1370 3207 1590 3238 cruorem.

1186 3252 1282 3296 372.
1333 3251 1435 3293 Val.
1469 3251 1539 3293 Fl.
1579 3253 1598 3293 1
1637 3251 1711 3293 151
1753 3263 1835 3292 nos
1875 3251 2060 3294 animae

1130 3309 1311 3352 faciles.

1186 3365 1269 3408 374
1291 3378 1359 3419 sq.
1405 3364 1533 3406 anth.
1563 3365 1615 3407 L.
1649 3364 1711 3406 VI
1743 3362 1813 3415 84,
1845 3362 1901 3406 20
1931 3364 2059 3407 illam

1132 3422 1213 3465 ads
1251 3422 1321 3464 ice
1354 3425 1532 3475 contra,
1565 3422 1695 3471 Quae
1726 3424 1879 3463 vocat.

1187 3478 1215 3521 3
1244 3478 1287 3520 5.
1318 3478 1431 3520 ibid.
1463 3477 1532 3519 111
1560 3477 1631 3529 81,
1665 3477 1731 3519 15.

1187 3534 1285 3578 381.
1337 3535 1453 3578 Stat.
1486 3534 1632 3576 Theb.
1662 3534 1734 3577 111
1763 3532 1845 3577 661
1888 3538 1935 3578 et
1971 3534 2060 3579 tibi
