2436 3984
828 167 1046 202 mmmm
1071 167 1259 202 Amans
1285 169 1339 202 1x
1942 153 2039 205 133

271 308 429 357 vidisti
466 321 564 371 quo
602 306 801 356 Turnus
839 321 981 370 equo,
1021 306 1200 372 quihus
1237 306 1338 356 ibat
1373 309 1424 357 in
1461 309 1612 358 armis

270 414 475 450 aureus:
514 400 678 472 ipsum
709 397 863 456 illum,
902 398 1115 463 clipeum
1148 400 1418 464 cristasque
1452 399 1677 450 rubentis
1866 434 1878 446 .
1932 398 2037 451 270

269 492 508 556 excipiam
546 491 683 547 sorti,
723 491 817 539 iam
856 505 989 540 nunc
1027 494 1108 539 tua
1147 490 1383 555 praemia,
1423 491 1554 542 Nise.

268 590 524 648 praeterea
556 581 633 631 bis
669 597 757 632 sex
794 583 990 646 genitor
1022 580 1282 632 lectissima
1314 589 1528 634 matrum

268 689 477 740 corpora
518 675 833 740 captivosque
864 673 999 724 dabit
1026 689 1212 740 suaque
1249 675 1480 725 omnibus
1517 691 1673 733 arma,

267 768 470 832 insuper
506 765 582 815 his
618 767 779 830 campi
817 765 948 831 quod
986 781 1075 816 rex
1113 765 1263 817 habet
1300 768 1408 832 ipse
1445 767 1659 818 LatinuS.

266 865 314 908 te
350 861 484 915 verog
519 873 627 908 mea
659 873 807 926 quem
842 858 1013 922 spatiis
1049 858 1367 923 propioribus
1401 865 1534 910 aetas
1930 858 2033 909 275

265 951 557 1015 insequitur,
596 949 874 999 venerande
902 964 1043 1014 puer,
1082 951 1178 1000 iam
1215 957 1417 1015 pectore
1455 957 1556 1001 toto

264 1042 454 1106 accipio
492 1047 539 1090 et
575 1041 802 1090 comitem
841 1055 985 1091 casus
1022 1040 1326 1106 complector
1362 1043 1412 1092 in
1450 1043 1625 1093 omnis,

263 1132 395 1183 nulla
428 1133 552 1182 meis
583 1133 688 1182 sine
724 1137 774 1182 te
811 1138 1077 1198 quaeretur
1114 1133 1269 1198 gloria
1311 1134 1489 1191 rebus;

264 1241 352 1276 seu
390 1239 562 1289 pacem
600 1239 688 1275 seu
728 1223 857 1275 bella
898 1239 1083 1290 geram,
1122 1225 1212 1275 tibi
1249 1228 1460 1277 maxima
1494 1242 1663 1278 rerum

266 1317 628 1383 verborumque
664 1315 819 1367 fides.'
874 1323 1044 1366 contra
1085 1303 1232 1383 quem
1271 1317 1381 1368 talia
1414 1319 1544 1369 fatur
1671 1326 1674 1329 ’
1929 1318 2033 1370 280

262 1408 528 1475 Euryalus:
570 1415 674 1459 ‘me
708 1408 841 1459 nulla
878 1409 983 1459 dies
1015 1415 1116 1459 tam
1148 1409 1359 1460 sortibus
1395 1412 1526 1461 ausis

264 1500 549 1552 dissimilem
581 1503 827 1565 arguerit;
864 1507 1077 1552 tantum:
1115 1502 1314 1553 iortuna
1352 1503 1565 1553 secunda

120 1739 186 1773 ΤΒ
193 1738 387 1773 S’tnton
391 1737 462 1770 1A.

189 1847 209 1861 ,
233 1812 320 1854 269
349 1811 613 1853 Macrobius
645 1811 740 1853 Sat.
773 1813 839 1854 v1
867 1811 910 1864 6,
946 1811 997 1853 12
1159 1813 1245 1855 270
1275 1827 1342 1868 sq.
1376 1814 1543 1868 ‘ipsum
1577 1845 1587 1855 .
1612 1846 1622 1856 .
1647 1846 1656 1855 .
1691 1812 1826 1856 sorti’
1858 1814 2034 1856 Nonius

119 1869 216 1919 293,
248 1869 277 1910 9
445 1868 526 1909 271
560 1870 814 1910 Arusianus
843 1884 887 1924 p.
919 1869 1004 1911 229
1034 1871 1087 1911 L.
1261 1871 1344 1912 275
1375 1884 1440 1925 sq.
1482 1870 1608 1912 ‘mea
1640 1900 1650 1911 .
1673 1902 1684 1913 .
1708 1902 1718 1913 .
1752 1869 2031 1925 insequitur’

120 1925 265 1968 schol.
298 1926 409 1966 Hor.
443 1938 582 1968 carm.
615 1926 636 1966 1
667 1925 740 1977 36,
769 1926 797 1966 8
940 1925 1210 1968 .278-280
1252 1927 1401 1968 ‘nulla
1433 1959 1444 1971 .
1470 1958 1480 1968 .
1505 1959 1515 1969 .
1550 1926 1684 1969 fides'
1731 1929 1941 1969 Donatus
1974 1927 2034 1969 ad

119 1984 224 2024 Ter.
259 1994 361 2023 eun.
394 1982 463 2022 111
499 1981 535 2033 1,
573 1982 625 2022 12
738 1981 823 2024 279
855 1982 961 2024 ‘seu
992 1998 1036 2037 p.
1068 1997 1103 2025 S.
1136 1983 1180 2024 b.
1214 1982 1275 2037 g.'
1310 1984 1529 2025 Claudius
1562 1984 1789 2026 Sacerdos
1819 1986 1842 2026 I
1872 1985 1928 2025 74

118 2038 200 2080 281
232 2051 300 2093 sq.
331 2038 600 2079 Priscianus
629 2037 711 2079 881

115 2268 279 2305 VARIA
310 2266 526 2301 Lssc'rlo.

222 2358 310 2405 259
334 2353 508 2399 vidistis
536 2352 775 2400 Macrobii
795 2354 913 2400 Par.
936 2369 966 2399 a
1062 2319 1207 2410 EQv⁰
1233 2355 1278 2401 R
1376 2354 1500 2411 ovls
1527 2357 1575 2401 in
1602 2367 1717 2402 ras:
1728 2357 1801 2403 vet
1824 2369 1955 2403 eras.
1987 2357 2032 2403 R

186 2428 275 2475 270
297 2424 506 2486 clypeum
531 2425 585 2470 bc
679 2424 963 2471 RUBENTES
986 2424 1043 2470 M
1079 2425 1354 2472 COMANTIS
1382 2427 1442 2483 R,
1470 2432 1522 2472 ut
1546 2427 1600 2472 111
1622 2432 1711 2477 468
1831 2431 1914 2477 271
1944 2427 2031 2474 iam

14 2536 16 2538 .
112 2490 195 2544 ‘tua
220 2493 390 2557 fiuncy
426 2509 548 2542 nunc
574 2495 660 2541 iam
690 2501 766 2541 tua
792 2509 819 2542 c
911 2496 1031 2542 nisae
1052 2511 1081 2558 y
1177 2502 1423 2548 272—274
1446 2499 1645 2544 damnat
1663 2498 2030 2558 Peerlkampus,

113 2570 468 2627 interpretatur
494 2566 707 2613 Servius.
827 2571 914 2616 273
938 2567 1184 2628 cap.tiuoi'
1202 2583 1233 2631 y
1327 2568 1463 2615 dabat
1486 2575 1539 2618 cl
1652 2575 1740 2621 274
1764 2569 1814 2615 IS
1840 2569 1899 2615 M
1918 2587 1928 2615 ε
1962 2570 2030 2630 cf.

115 2635 458 2687 Lachmannui
491 2638 638 2687 Lucr.
683 2641 785 2687 262.
854 2637 951 2684 Sed
989 2638 1253 2686 Ladevicus
1297 2652 1563 2699 perperam
1605 2655 1701 2699 pro
1745 2642 2032 2687 nominativo

6 2731 17 2746 ··
113 2712 495 2807 interpretaqtur:
527 2708 594 2769 cf.
636 2709 907 2769 Waqnerus
930 2710 1054 2756 lectt.
1083 2709 1221 2771 Very.
1248 2716 1335 2761 389
1372 2710 1443 2757 his
1468 2710 1665 2801 Servius
1762 2711 1959 2758 CAMPIS
1985 2711 2030 2758 R

254 2821 411 2879 QVOD
436 2822 484 2869 P
526 2821 671 2878 QUOS
696 2821 839 2883 Myc2
981 2827 1067 2872 275
1092 2823 1469 2871 PROPllORIBUS
1492 2823 1550 2870 M
1555 2830 1573 2872 1
1631 2824 2030 2872 PROPRlORlBUS

113 2893 355 2956 M2Py1c1
463 2897 550 2943 276
581 2891 955 2940 ΠΕΝΕΒΑΝΒΑΕ
984 2893 1043 2940 Μ
1158 2898 1243 2944 277
1271 2894 1632 2942 CONPLEc'rOR
1662 2896 1734 2956 Py
1837 2900 1923 2946 279
1948 2903 2030 2943 se'u

114 2980 271 3027 pacem
303 2980 340 3011 s.
370 2964 414 3010 b.
440 2978 594 3026 geram
625 2965 691 3010 ad
714 2965 973 3024 superiora
1001 2964 1164 3012 retulit
1194 2965 1415 3012 Iahnius.
1559 2971 1639 3017 281
1672 2965 1884 3014 Eurialul'
1909 2981 1936 3013 c

113 3035 247 3083 Nisus
283 3035 337 3082 ad
376 3034 487 3104 hae-c
538 3040 590 3081 ut
616 3039 700 3085 207
730 3035 977 3082 Prisciani
1008 3037 1216 3096 exempl.
1361 3036 1459 3083 dics
1487 3052 1698 3099 umquam
1731 3043 1819 3083 tam
1854 3050 1919 3084 ex
1943 3042 2028 3088 447

114 3106 359 3153 Prisciani
382 3121 422 3151 ω
539 3109 627 3155 282
653 3105 929 3154 AVGVERl'l'
955 3106 1000 3152 R
1115 3106 1406 3170 ARGUEmr
1439 3107 1667 3155 TANTUM
1692 3107 1951 3155 FORTUNA
1979 3108 2032 3153 M

185 3183 413 3224 ‘tantum
441 3178 765 3224 tantummodo
787 3177 877 3224 hoc
897 3190 1091 3238 possum
1120 3179 1178 3225 de
1203 3191 1275 3225 me
1299 3180 1582 3238 promittere
1693 3194 1804 3225 nam
1832 3185 1909 3225 aut
1933 3180 2022 3225 dis-

112 3249 323 3296 iunctiva
345 3249 592 3307 particula
616 3253 701 3300 est.
727 3262 823 3295 non
842 3250 1061 3309 neyanlis
1086 3250 1379 3297 adverbium.
1414 3246 1631 3315 [quidam
1651 3252 1720 3296 sic
1739 3251 2029 3309 intelliyunt:

117 3318 430 3365 tantummodo
471 3319 655 3366 fortuna
680 3334 900 3382 prospera
926 3334 1015 3367 non
1049 3320 1092 3366 in
1122 3321 1400 3368 contrarium
1430 3321 1602 3368 recidat
1626 3357 1634 3367 .
1660 3355 1670 3366 .
1693 3355 1703 3366 .
1737 3321 1823 3366 alii
1845 3322 1912 3366 ita
1934 3334 2027 3380 pu-

115 3393 245 3435 eant.-
268 3402 341 3436 me
371 3388 495 3437 nulla
521 3389 619 3437 dics
646 3387 912 3437 dissimilem
938 3398 1123 3453 arguet.
1168 3392 1260 3438 sive
1287 3406 1403 3453 quac
1431 3398 1502 3438 cst
1532 3391 1667 3438 hodic
1703 3391 1886 3437 fortuna
1923 3404 2028 3453 per-

116 3458 335 3506 manserit
367 3459 461 3507 sivs
500 3460 635 3508 etiam
671 3459 788 3508 lacta
824 3460 994 3509 suerit.
1017 3497 1027 3508 .
1048 3497 1059 3509 .
1089 3469 1135 3509 et
1168 3464 1335 3509 melius
1370 3465 1545 3523 leqieur
1579 3465 1680 3509 sine
1715 3463 2026 3521 aspiratione,

117 3529 146 3573 ἰ.
175 3540 216 3573 e.
251 3534 330 3574 ant
352 3529 560 3577 adversa·
586 3530 796 3578 Servius.
