2436 3984
364 197 460 249 162
602 198 606 201 ’
1050 209 1266 245 vanem
1292 209 1478 245 Annms
1509 210 1563 243 1x

399 377 404 382 ·
497 353 784 414 inrumpunt
820 349 979 396 aditus
1015 346 1183 396 Rutuli
1218 347 1475 396 utvidere
1507 348 1717 410 patentis

499 443 727 490 continuo
760 440 1013 497 Quercens
1048 444 1096 487 et
1132 437 1340 502 pulcher
1378 437 1644 501 Aquiculus
1683 440 1832 486 armis
1876 450 1883 465 ⁶

497 539 544 581 et
579 545 820 596 praeceps
854 531 1001 579 animi
1039 529 1249 578 Tmarus
1287 534 1334 578 et
1366 528 1628 578 Mavortius
1666 529 1886 577 Haemon
2156 530 2257 579 685

497 622 776 686 agminibus
805 622 943 670 totis:
984 626 1033 670 at
1063 621 1190 669 versi
1226 626 1362 684 terga
1401 620 1584 669 dedere

494 698 579 763 aut
615 714 720 777 ipso
755 702 928 776 portae
965 727 1177 777 posuere
1208 713 1257 761 in
1288 711 1455 761 limine
1490 713 1654 760 vitam.

495 812 600 854 tum
634 805 789 868 magis
818 805 1100 854 increscunt
1131 804 1303 852 animis
1341 802 1649 853 discordibus
1685 804 1788 852 irae
1802 819 1819 859 3'

496 902 543 945 et
578 898 675 945 iam
716 895 906 946 collecti
942 895 1097 944 Troes
1129 894 1466 959 glomerantur
1509 895 1682 944 eodem

497 993 544 1037 et
578 988 807 1038 conferre
838 1002 1039 1037 manum
1071 993 1118 1036 et
1150 1002 1449 1052 procurrere
1480 986 1674 1049 longius
1717 986 1910 1039 audent,
2158 985 2260 1035 690

566 1101 768 1150 Ductori
800 1100 968 1150 Turno
1000 1100 1188 1150 diversa
1228 1101 1279 1148 in
1316 1105 1456 1165 parte
1490 1100 1671 1163 furenti

494 1192 810 1257 turbantique
846 1193 977 1241 viros
1013 1192 1265 1256 perfertur
1302 1194 1518 1249 nuntiuS‚
1558 1192 1750 1241 hostem

495 1284 685 1334 fervere
724 1284 872 1334 caede
904 1298 1027 1334 nova
1065 1291 1113 1334 et
1148 1290 1316 1347 portas
1348 1283 1591 1348 praebere
1629 1283 1856 1348 patentis.

354 1514 697 1548 TESTIMONIA.

466 1580 550 1622 684
602 1581 815 1634 ‘pulcher
847 1594 1021 1634 quoque
1051 1578 1329 1633 Aquiculus'
1380 1580 1648 1621 Macrobius
1680 1579 1774 1620 Sat.
1809 1580 1849 1620 V
1883 1579 1946 1626 15,
1977 1577 2004 1618 8
2176 1576 2260 1618 685

353 1639 624 1679 Priscianus
657 1637 766 1678 1122
939 1638 1216 1678 ‘Mavortius
1245 1635 1483 1677 Haemon'
1525 1636 1789 1677 Macrobius
1821 1635 1918 1676 Sat.
1949 1636 1989 1676 V
2023 1634 2088 1686 15,
2121 1633 2148 1674 8

354 1693 439 1735 690
468 1695 644 1737 Nonius
674 1693 772 1747 268,
808 1694 858 1734 17
886 1741 892 1750 .

354 1910 520 1946 VARIA
543 1895 755 1944 nmmo.

497 1986 664 2032 683—
676 1985 759 2030 687
788 1981 857 2026 sie
893 1981 1110 2026 distinxi.
1153 1980 1370 2040 patentis.
1409 1979 1731 2025 Continuo...
1758 1978 1958 2025 Haemon
1993 1976 2262 2038 Agminibus

356 2053 466 2098 totis
505 2059 582 2098 aut
621 2052 737 2097 versi
766 2050 962 2096 Servius
994 2056 1038 2095 et
1075 2051 1263 2108 reliqui.
1316 2051 1423 2095 Non
1451 2051 1804 2095 assentiendum
1833 2063 2052 2095 censeam
2090 2051 2134 2094 si
2156 2051 2263 2108 quis

348 2128 557 2182 propter
600 2137 640 2168 v.
667 2127 753 2170 693
794 2122 938 2167 verba
982 2135 1022 2166 v.
1051 2125 1137 2169 683
1179 2120 1328 2166 aditus
1352 2156 1362 2166 .
1384 2120 1652 2181 ..patentis
1694 2121 2104 2179 interpolalabvel
2144 2121 2262 2164 adeo

353 2195 542 2252 reliqua
564 2195 633 2238 sic
651 2194 700 2238 in
722 2197 880 2237 artum
902 2191 1234 2237 contrahenda
1254 2193 1526 2249 suspicetur
1541 2210 1554 2235 :
1573 2191 1839 2251 inrumpunt
1859 2189 2087 2245 Quercens
2108 2203 2150 2237 6.
2164 2204 2206 2248 q.
2220 2202 2268 2251 83

425 2297 511 2342 683
535 2267 661 2338 rutili
684 2292 709 2336 b
803 2289 1079 2336 PATENTs
1105 2290 1149 2335 R
1182 2291 1403 2351 patenter,
1433 2291 1476 2334 ai
1499 2290 1745 2350 patentisy
1782 2289 2068 2334 PATENTEs
2092 2289 2191 2336 1³20

356 2410 441 2454 684
466 2355 763 2450 CONTINVOR
855 2402 1124 2458 Q·RECENS
1141 2403 1199 2448 M
1219 2379 1451 2464 querffens
1477 2419 1506 2464 γ
1533 2401 1799 2463 Querquens
1827 2404 2038 2461 ‘antiqui
2059 2403 2258 2460 aliquot'

356 2504 573 2549 Pieriani
596 2502 841 2558 QVERcvs
858 2503 902 2547 R
990 2476 1147 2563 pulcin-
1167 2518 1196 2564 γ
1284 2475 1588 2557 AQv1cVLvs
1604 2501 1772 2563 Mpyb,
1798 2502 2041 2548 Macrobii
2058 2502 2262 2559 eaeempz.

354 2616 656 2672 AQVICOLVS
687 2615 738 2675 (O
764 2630 891 2661 corr.
919 2617 966 2661 in
995 2615 1044 2674 V)
1072 2616 1115 2660 R
1154 2615 1336 2676 aquilus
1353 2630 1378 2661 c
1416 2614 1653 2675 aquilicus,
1689 2614 1941 2675 aquilurus,
1974 2613 2209 2674 equicolus
2235 2629 2262 2674 χ

451 2693 536 2737 685
573 2686 796 2733 TMAROS
823 2687 868 2731 R
923 2686 1109 2732 MARUS
1136 2686 1211 2742 M,
1248 2687 1494 2732 Prisciani
1529 2686 1708 2745 Bona,
1753 2684 2002 2744 defensum
2039 2697 2197 2742 nuper
2233 2699 2262 2728 a

369 2760 607 2818 Waynero
629 2760 751 2803 lectt.
777 2758 1017 2817 Ver9.338
1043 2759 1163 2803 conl.
1189 2759 1334 2802 inser.
1350 2756 1848 2814 Neap.Momm.s-.718,
1879 2755 2014 2800 Grac.
2035 2769 2089 2812 p.
2104 2759 2203 2804 334,
2219 2758 2260 2805 6,

355 2829 601 2875 Muratori
626 2843 679 2886 p·
708 2833 835 2879 1767,
867 2832 922 2877 14
949 2845 959 2873 :
995 2827 1061 2886 cf.
1100 2829 1241 2874 etiam
1277 2827 1418 2872 Silius
1449 2827 1561 2873 Ital.
1590 2827 1643 2872 Vl
1679 2830 1748 2874 74.
1779 2831 1848 2876 98.
1882 2831 1963 2874 136
2008 2825 2216 2873 .ma.1·us
2236 2826 2261 2870 b

358 2901 561 2946 Timarus
601 2899 868 2954 Parrhas.‚
904 2899 1154 2944 Prisciani
1190 2898 1380 2944 Vindob.
1442 2900 1625 2958 timarys
1662 2896 1855 2947 Monac.
1917 2896 2090 2941 tinarus
2125 2895 2260 2941 Grut.

354 3014 585 3058 thamarus
613 3011 791 3057 Zalick.
820 3028 830 3056 :
857 3010 924 3070 cf.
952 3011 1256 3056 Fleckeiseni
1279 3012 1440 3055 annal.
1467 3010 1649 3055 LXXVII
1677 3015 1759 3059 196
1855 3014 1958 3058 ,686
1985 2959 2184 3053 ΧΣΙῙΕΒΞΙ
2220 3009 2264 3053 Ρ

353 3081 623 3128 AVTVERSI
660 3080 786 3141 (AVT
821 3083 867 3126 in
902 3094 1000 3126 ras.
1038 3083 1245 3126 duarum
1279 3081 1381 3144 litt.)
1410 3082 1462 3131 ,R
1512 3080 1786 3126 AVTVERSI
1823 3074 1857 3141 (Ι
1880 3091 2097 3148 corn-’ex
2121 3077 2172 3137 E)
2210 3079 2266 3123 M

355 3151 553 3199 autuerl'i
579 3153 634 3201 bc
667 3158 767 3198 aut.
786 3152 905 3197 uersi
931 3157 990 3213 72
1019 3151 1255 3197 ut.auersi
1280 3160 1333 3213 yl
1371 3152 1544 3197 adversi
1570 3151 1808 3196 Parrhas.
1903 3154 1986 3198 687
2013 3148 2118 3193 IPSI
2145 3149 2189 3193 R

308 3257 438 3307 ..689
450 3229 532 3297 TE'T
559 3251 617 3296 Μ
642 3251 698 3296 Et
723 3248 760 3310 (t
782 3252 847 3296 in.
875 3250 993 3312 nas.)
1027 3264 1053 3296 6
1149 3247 1331 3314 eodem]
1364 3250 1573 3295 INVNVM
1602 3250 1647 3294 R
1673 3254 1726 3294 ut
1749 3253 1832 3296 801
1943 3252 2029 3296 690
2054 3242 2256 3310 manum]

354 3322 544 3382 gradum
572 3321 717 3367 Nonii
736 3323 940 3380 exempl.
971 3338 981 3365 ε
1007 3320 1072 3380 cf.
1096 3334 1168 3380 96.
1194 3320 1249 3366 111
1277 3326 1360 3371 169
1386 3322 1506 3367 Aen.
1534 3320 1586 3364 Vl
1612 3323 1699 3367 488
1815 3317 2062 3377 proc-edere
2086 3317 2257 3362 Moret.

353 3405 463 3449 sec„
498 3393 643 3438 Nonii
663 3393 869 3450 exempl.
972 3391 1140 3437 audent
1166 3387 1210 3454 (n
1234 3393 1282 3437 in
1306 3388 1425 3453 ras.)
1452 3392 1477 3436 b
1526 3390 1661 3436 audet
1691 3389 1836 3435 Nonii
1856 3390 2061 3446 exempl.
2101 3388 2261 3452 ardent

354 3491 484 3536 Leid.
607 3496 692 3540 692
728 3491 966 3551 profertur
990 3496 1043 3537 61
1164 3464 1354 3538 nbntiul'
1373 3503 1399 3535 c
1496 3488 1637 3534 ostem
1663 3502 1693 3548 γ
1812 3490 1897 3536 693
1923 3486 2114 3547 prebere
2137 3491 2167 3548 γ

355 3562 565 3620 patentes
591 3575 617 3607 c
