2436 3984
345 182 446 235 288
1042 198 1259 233 venena
1284 198 1471 232 AENms
1498 200 1552 232 xt

488 338 648 387 cuncti
684 336 743 385 ad
774 337 993 398 reginam
1034 334 1214 384 Volsci.
1273 335 1393 384 nihil
1425 337 1526 398 ipsa
1566 351 1658 385 nec
1695 352 1844 387 aurae

485 444 577 478 nec
615 428 802 476 sonitus
838 441 1030 475 memor
1062 431 1144 475 aut
1178 427 1414 476 venientis
1446 425 1506 496 ab
1546 427 1746 476 aethere
1780 428 1879 484 teli,

484 520 619 568 hasta
657 517 749 568 sub
790 524 1007 567 exertam
1047 517 1206 567 donec
1244 517 1432 581 perlata
1464 517 1695 582 papillam

483 611 638 659 haesit
679 611 1047 673 virgineumque
1085 609 1182 658 alte
1218 609 1343 658 bibit
1376 616 1482 659 acta
1521 624 1766 659 cruorem.

485 706 788 751 concurrunt
821 701 1044 766 trepidae
1083 685 1286 750 comites
1318 702 1664 766 dominamque
1703 707 1927 750 ruentem
2145 702 2245 753 805

485 794 774 858 succipiunt.
835 793 960 857 fugit
994 799 1107 843 ante
1144 794 1302 842 omnis
1340 795 1604 843 exterritus
1636 794 1839 850 ArruuS‚

485 885 663 935 laetitia
700 886 953 950 mixtoque
991 891 1141 942 metu,
1182 899 1274 934 nec
1307 886 1403 935 iam
1435 884 1645 950 amplius
1680 885 1849 935 hastae

486 977 692 1027 credere
725 992 817 1027 nec
854 977 963 1027 telis
1000 992 1266 1042 occurrere
1301 979 1502 1040 virginis
1541 977 1703 1027 audet.

398 1095 402 1099 ·
485 1084 543 1118 ac
582 1068 713 1119 velut
747 1068 847 1127 ille,
885 1071 1026 1133 prius
1056 1085 1203 1134 quam
1239 1068 1333 1119 tela
1370 1070 1565 1118 inimica
1607 1075 1893 1133 sequantur,

486 1162 718 1210 continuo
753 1163 802 1211 in
840 1163 1021 1210 montis
1058 1176 1167 1211 sese
1203 1163 1339 1211 avius
1376 1161 1563 1211 abdidit
1601 1160 1724 1211 altos
2048 1139 2060 1154 ⁹
2147 1161 2249 1212 810

486 1255 648 1303 occiso
683 1260 880 1318 pastore
918 1252 1065 1318 lupus
1100 1267 1339 1317 magnove
1376 1255 1601 1311 iuvenco,

485 1347 712 1396 conscius
750 1345 948 1396 audacis
983 1345 1111 1401 facti.
1148 1345 1453 1411 caudamque
1488 1345 1769 1410 remulcens

483 1437 690 1488 subiecit
721 1439 1012 1503 pavitantem
1054 1444 1194 1487 utero
1229 1437 1471 1504 silvasque
1506 1439 1700 1503 petivit:

482 1529 602 1579 haut
632 1546 777 1580 secus
811 1546 868 1580 ex
909 1528 1064 1579 oculis
1098 1546 1150 1580 se
1188 1530 1417 1580 turbidus
1454 1530 1651 1580 abstulit
1688 1531 1879 1580 Arruns

483 1606 843 1688 contentusque
882 1622 994 1686 fuga
1033 1622 1211 1672 mediis
1248 1637 1301 1672 se
1338 1624 1588 1672 inmiscuit
1622 1623 1787 1672 armis.
2144 1622 2247 1673 815

482 1713 564 1763 illa
598 1729 747 1764 manu
778 1716 995 1765 moriens
1028 1714 1177 1764 telum
1216 1714 1380 1772 trahit,
1419 1729 1528 1765 ossa
1566 1714 1653 1765 sed
1690 1716 1818 1764 inter

339 1957 661 1993 TESTIMONIA
668 1980 680 1992 .

451 2031 536 2075 803
565 2034 706 2075 Probi
736 2034 843 2074 inst.
875 2034 897 2074 1
932 2034 997 2083 12,
1020 2033 1046 2072 2
1160 2032 1244 2075 803
1275 2047 1341 2087 sq.
1374 2034 1549 2075 Nonius
1579 2033 1679 2084 453,
1706 2033 1757 2074 14
1852 2033 1936 2075 804
1967 2035 2246 2089 ‘virgineum

374 2120 385 2131 .
410 2119 422 2130 .
455 2089 686 2131 cruorem’
737 2090 1004 2131 Macrobius
1038 2090 1134 2131 Sat.
1168 2090 1232 2130 VI
1263 2088 1304 2141 6,
1342 2089 1391 2129 17
1443 2090 1630 2131 Servius
1660 2090 1775 2132 Aen.
1816 2091 1907 2131 XII
1937 2090 2021 2133 376
2162 2091 2246 2133 812

342 2146 576 2188 ‘conscius
609 2159 650 2187 a.
683 2146 732 2188 f.’
764 2148 1016 2187 Arusianus
1047 2160 1089 2200 p.
1120 2145 1205 2187 220
1234 2147 1288 2186 L.
1461 2145 1546 2187 812
1577 2158 1644 2200 sq.
1688 2146 1907 2188 ‘caudam
1938 2177 1950 2188 .
1975 2182 1984 2192 .
2009 2178 2020 2189 .
2053 2147 2243 2202 petivit'

338 2203 588 2244 Diomedes
607 2201 689 2243 407
781 2203 998 2244 ‘caudam
1021 2233 1031 2243 .
1057 2232 1068 2244 .
1094 2235 1102 2244 .
1125 2201 1280 2244 utero’
1312 2203 1488 2245 Nonius
1520 2201 1617 2255 387,
1653 2201 1702 2243 11
1736 2203 1923 2246 Servius
1954 2204 2068 2245 Aen.
2101 2205 2142 2246 V
2161 2204 2246 2246 505

335 2439 502 2475 VARIA
529 2439 736 2474 LEc'rlo.

478 2533 561 2576 801
589 2517 710 2572 uolci
738 2530 796 2587 72
834 2525 987 2571 VLSCI
1012 2526 1057 2571 P
1087 2525 1205 2572 uulci
1239 2533 1292 2587 γι
1394 2540 1504 2587 neq;
1531 2541 1585 2586 εχ
1679 2540 1827 2577 aurae,
1861 2527 1911 2572 in
1938 2541 2028 2587 my.
2056 2542 2114 2574 m.
2143 2535 2242 2575 ant.

338 2598 382 2643 ai
407 2597 539 2644 auras
559 2612 586 2643 c
646 2597 780 2642 aurat*
802 2595 842 2656 (l
858 2596 978 2656 fort.
1006 2610 1071 2642 ea:
1101 2595 1249 2655 corr.)
1275 2597 1302 2642 b
1356 2611 1489 2643 auras
1518 2596 1709 2657 Menay.
1737 2598 1887 2651 alter,
1915 2613 1942 2659 χ
1979 2605 2136 2646 ‘auras
2159 2635 2168 2646 .
2195 2636 2206 2646 .
2230 2635 2242 2647 .

1615 2662 1639 2695 s

335 2711 457 2757 haec
482 2716 554 2756 est
578 2712 777 2769 antiqua
801 2711 959 2764 lectio'
994 2709 1191 2756 Servius
1309 2715 1396 2759 802
1429 2709 1629 2756 SONlTU
1675 2711 1728 2756 M
1821 2712 1895 2757 AT
1921 2711 1976 2756 Μ
2006 2712 2091 2758 aud
2116 2726 2143 2758 c

333 2787 422 2832 803
451 2782 583 2828 Hasta
615 2778 653 2844 (l'
675 2783 724 2826 in
750 2780 869 2840 ras.)
895 2782 922 2827 b
1043 2787 1197 2827 exerta
1220 2782 1365 2827 Nonii
1385 2782 1590 2839 exempl.
1632 2779 1786 2829 exat-ta
1810 2782 1837 2827 b
1874 2781 2171 2829 EXPERTAM
2197 2783 2241 2829 R

429 2847 626 2915 perlata]
654 2852 686 2896 L
713 2866 842 2898 corr.
870 2864 935 2897 ex
962 2852 994 2897 T
1023 2852 1070 2897 P
1170 2857 1258 2902 804
1289 2848 1566 2914 virgineum]
1595 2853 1628 2898 E
1657 2867 1784 2900 corr.
1811 2865 1876 2898 ex
1901 2853 1918 2898 1
1946 2854 1992 2900 P
2084 2854 2239 2900 ΒΕΒΙΤ

335 2923 385 2983 (Ε
410 2938 538 2970 corr.
568 2924 618 2968 in
643 2921 676 2981 1)
705 2923 748 2967 P
886 2927 972 2971 806
1007 2922 1270 2984 Succipiunt
1310 2922 1349 2982 (c
1367 2938 1452 2982 pr.
1485 2925 1535 2968 in
1560 2923 1679 2983 ras.)
1715 2925 1741 2969 b
1769 2940 1779 2969 :
1814 2923 1880 2983 cf.
1912 2924 1928 2969 l
1959 2927 2040 2975 175
2079 2924 2132 2970 lV
2155 2931 2238 2975 391

336 2994 389 3039 Vl
414 2999 500 3043 249
537 2990 853 3040 SUSCIPIUNT
877 2992 1081 3054 MPRyc
1204 2993 1407 3038 FVGIT-F
1435 2995 1480 3040 P
1600 2994 1781 3041 OMNES
1806 2994 1877 3056 Py
1996 2995 2191 3043 harrunl'
2213 2997 2240 3042 b

404 3097 489 3143 807
515 3058 609 3138 IAM
631 3057 723 3151 (AM
741 3093 790 3137 in
810 3090 928 3150 ras.)
954 3092 1000 3136 P
1032 3091 1118 3137 iam
1145 3106 1396 3150 suprascr.
1422 3107 1448 3138 c
1548 3100 1636 3143 808
1666 3094 1908 3140 Credet-ere
1932 3109 1962 3156 y
1995 3094 2240 3156 Crederete

334 3193 360 3238 b
459 3190 564 3238 tens
593 3166 821 3238 oneum?e
846 3191 871 3235 b
911 3189 1413 3237 TELlsSVCGVRRERE
1441 3188 1491 3252 (v
1512 3207 1596 3251 pr.
1625 3194 1675 3238 in
1700 3190 1817 3255 ras.)
1851 3193 1896 3238 P
1988 3199 2076 3243 810
2101 3192 2238 3239 MON-

335 3261 437 3308 TES
462 3262 571 3311 M2c
713 3261 884 3309 aui.ul'
910 3260 1073 3321 (erasa
1098 3261 1113 3306 l
1142 3262 1214 3307 vel
1237 3260 1283 3320 h)
1308 3262 1334 3305 b
1369 3261 1498 3307 aulus
1516 3269 1571 3324 γι
1715 3269 1800 3312 811
1835 3264 2038 3324 pastores
2062 3263 2088 3308 b
2098 3269 2116 3311 1

334 3352 472 3436 lfpur
494 3390 525 3437 y
648 3381 734 3425 812
758 3374 1183 3472 REMVLGENS1P⁹⁷
1306 3380 1393 3424 813
1418 3327 1593 3421 sums
1623 3375 1678 3420 M
1726 3430 1750 3443 ἢ
1794 3381 1882 3424 814
1912 3375 2058 3422 HAUD
2081 3376 2238 3423 MRbc

457 3489 652 3534 hat-runs
671 3489 697 3533 b
840 3495 924 3538 815
951 3488 1111 3534 MEDIS
1137 3488 1181 3533 P
1280 3495 1285 3501 '
1320 3492 1407 3536 816
1431 3489 1591 3534 manus
1612 3495 1665 3550 γι
1791 3488 1994 3534 TRAHIT
2025 3489 2155 3549 (RAH
2187 3492 2234 3536 in

335 3559 487 3604 litura·
508 3561 663 3605 erasis
694 3564 903 3618 quatuor
930 3558 1094 3622 literis)
1125 3559 1170 3603 P
