2436 3984
829 144 1048 180 mmmm
1075 143 1263 178 Anums
1291 145 1346 178 lx
1946 132 2046 183 149

274 286 484 351 produxi
521 286 742 351 pressive
781 283 951 334 oculos
989 289 1073 334 aut
1102 282 1303 333 volnera
1339 282 1449 341 lavi,

271 384 404 427 veste
440 383 630 441 tegeuS,
665 377 754 427 tihi
792 392 940 443 quam
978 381 1149 426 noctes
1180 375 1356 426 festina
1394 376 1596 443 diesque

273 468 513 534 urgebam
549 475 597 519 et
635 468 731 519 tela
767 482 914 519 curas
950 466 1148 518 solabar
1183 466 1340 517 anilis,

272 576 371 627 quo
405 561 615 626 sequar?
652 567 736 611 aut
767 575 894 626 quae
925 573 1059 609 nunc
1096 564 1233 608 artus
1267 557 1529 625 avolsaque
1567 561 1792 612 membra
1937 563 2042 613 490

271 660 320 703 et
356 654 506 703 sunus
542 652 760 702 lacerum
799 650 944 701 tellus
977 649 1155 700 habet?
1208 650 1306 700 hoc
1342 651 1460 701 mihi
1497 652 1558 703 de
1591 658 1656 711 te,

269 751 399 803 nate,
439 744 627 796 refers?
664 744 760 794 hoc
791 758 899 793 sum
938 749 1170 808 terraque
1207 744 1433 808 marique
1475 745 1674 795 secuta?

269 838 405 901 figite
442 852 537 893 me,
577 836 714 900 siqua
754 840 827 885 est
862 835 1034 899 pietaS,
1072 835 1122 884 in
1158 849 1236 884 me
1274 836 1436 885 omnia
1473 835 1569 886 tela

270 929 494 989 conicite,
531 943 560 975 ο
597 926 779 986 Rutuli,
819 942 898 976 me
935 928 1147 992 primam
1185 925 1428 978 absumite
1467 928 1629 987 ferro;

269 1027 354 1071 aut
385 1025 452 1077 tu,
492 1033 670 1083 magne
707 1023 849 1083 pater
879 1018 1058 1076 divom,
1098 1018 1337 1069 miserere
1372 1025 1559 1085 tuoque
1936 1021 2039 1072 495
2127 1086 2134 1092 .

268 1113 475 1163 invisum
515 1110 612 1161 hoc
644 1110 853 1160 detrude
892 1116 1040 1176 caput
1067 1109 1160 1160 sub
1198 1109 1402 1161 Tartara
1442 1111 1556 1171 telo,

266 1204 462 1270 quando
496 1201 639 1254 aliter
677 1217 871 1268 nequeo
905 1201 1156 1253 crudelem
1194 1202 1494 1269 abrumpere
1531 1202 1708 1254 vitam.’

267 1297 364 1347 hoc
393 1295 512 1346 fletu
545 1295 774 1345 concussi
811 1294 977 1353 animi,
1015 1300 1331 1360 maestusque
1370 1312 1461 1361 per
1498 1298 1656 1346 omnis
1734 1342 1746 1365 ,

267 1390 303 1439 it
335 1389 574 1453 gemitus:
613 1393 814 1453 torpent
849 1387 1086 1437 infractae
1124 1387 1185 1436 ad
1220 1387 1407 1452 proelia
1446 1389 1589 1439 vires,

265 1481 395 1532 illam
433 1480 778 1530 incendentem
814 1478 977 1529 luctus
1013 1479 1190 1530 Idaeus
1227 1485 1276 1529 et
1306 1479 1455 1530 Actor
1936 1483 2038 1532 500

263 1572 436 1625 Ilionei
473 1573 662 1622 monitu
700 1576 750 1621 et
786 1570 996 1622 multum
1034 1570 1335 1623 lacrimantis
1368 1570 1459 1622 Iuli

122 1788 466 1829 TESTmONIA.

234 1857 317 1901 487
339 1870 407 1911 sq.
441 1853 655 1910 ‘produxi
687 1884 699 1895 .
721 1885 732 1896 .
755 1853 987 1908 ,tegens‘
1019 1855 1195 1897 NonIus
1225 1854 1321 1906 435,
1346 1855 1372 1897 5
1478 1855 1705 1910 ‘pressive
1736 1889 1747 1900 .
1775 1885 1785 1897 .
1807 1886 1818 1897 .
1850 1854 2036 1910 tegens’

121 1917 297 1961 Nonius
325 1912 423 1963 364,
455 1909 512 1953 29
677 1913 785 1953 ‘nec
814 1911 1009 1953 vulnera
1039 1942 1050 1953 .
1077 1943 1087 1952 .
1112 1943 1124 1955 .
1155 1910 1345 1966 tegens’
1380 1911 1568 1954 Servius
1598 1913 1712 1954 Aen.
1745 1913 1809 1954 IV
1839 1911 1924 1954 683

120 1974 206 2017 488
234 1986 302 2026 oq.
337 1970 445 2011 ‘tibi
479 1998 492 2010 .
512 1997 524 2009 .
547 1998 559 2009 .
591 1966 835 2023 urgebam’
875 1969 1052 2010 Nonius
1081 1966 1180 2020 418,
1217 1967 1269 2008 14
1439 1967 1523 2010 493
1555 1968 1710 2022 ‘figite
1745 1999 1755 2009 .
1779 1999 1789 2010 .
1814 1999 1824 2010 .
1858 1967 2033 2023 pietas’

121 2031 309 2073 Servius
338 2027 452 2068 Aen.
481 2025 523 2065 X
553 2022 640 2065 676
809 2023 895 2065 494
929 2026 1021 2066 ‘me
1054 2055 1066 2066 .
1090 2056 1101 2066 .
1126 2057 1138 2069 .
1170 2023 1314 2066 ferro'
1350 2025 1538 2067 Servius
1566 2025 1681 2066 Aen.
1713 2026 1779 2066 XI
1809 2024 1893 2066 895

118 2083 344 2130 495—497
376 2081 564 2124 Servius
594 2081 708 2122 Aen.
740 2081 787 2122 11
816 2079 902 2122 645
1026 2080 1111 2123 495
1144 2081 1249 2122 ‘aut
1280 2111 1290 2122 .
1316 2111 1327 2122 .
1351 2114 1360 2125 .
1393 2081 1640 2122 miserere’
1671 2082 1923 2124 Diomedes
1952 2081 2037 2123 412

116 2270 280 2306 VARIA
306 2272 518 2309 an‘rlo.

119 2342 494 2404 Peerlkampu5‚
534 2347 790 2406 inqeniose.
850 2354 893 2393 te
930 2353 1008 2392 tua
1048 2346 1207 2392 funere
1239 2346 1419 2394 Petrus
1448 2346 1658 2393 Bembus
1713 2347 1841 2405 taeda
1874 2346 2037 2394 funera

119 2412 466 2473 Hoffmamms.
531 2417 784 2464 Librorum
821 2419 1114 2476 scripturam
1141 2430 1249 2464 cum
1277 2417 1476 2464 Catroeo
1501 2419 1576 2464 sic
1597 2419 1918 2477 interpretor:
1954 2432 2037 2465 nec

117 2492 186 2535 te,
215 2485 351 2533 immo
380 2494 456 2533 tua
487 2488 670 2539 funera.
710 2488 918 2549 produxi.
971 2480 1150 2534 Contra
1191 2494 1265 2536 tua
1302 2488 1495 2534 funera.
1551 2495 1746 2549 .tegens
1779 2490 2034 2535 coniunxit

116 2556 384 2604 Ladevicus
405 2560 579 2618 positis
606 2563 694 2609 488
718 2572 790 2619 sq.
819 2564 931 2605 ante
956 2560 1057 2609 487
1202 2564 1286 2609 487
1324 2559 1491 2620 praesti
1515 2573 1547 2621 γ
1690 2557 1948 2606 VOLNERA
1979 2558 2032 2619 (Ο

114 2683 244 2718 corr.
270 2672 320 2717 in
346 2669 397 2732 V)
423 2671 470 2718 P
503 2671 758 2719 VVLNERA
782 2671 1016 2733 MRybcm
1056 2671 1213 2718 funera
1243 2670 1481 2718 Macrobii
1501 2671 1618 2718 Par
1648 2679 1660 2719 Ι
1764 2675 1853 2722 488
1879 2623 2031 2718 VES'HL

116 2768 163 2816 R
191 2800 198 2806 -
307 2768 452 2827 Qvon
477 2770 523 2818 R
672 2776 759 2822 489
788 2771 1005 2833 urgebam
1029 2786 1060 2834 γ
1106 2770 1361 2832 Urguebam
1386 2770 1442 2819 bl
1586 2770 1732 2818 aniles
1755 2785 1786 2834 y
1834 2770 2030 2817 ANILES

116 2839 301 2890 M2P2c
418 2846 507 2893 490
532 2849 611 2888 aut
599 2836 775 2938 vquae]
803 2849 897 2904 atq
930 2856 957 2889 c
1086 2840 1304 2889 AVOLSA
1332 2841 1385 2902 (0
1412 2855 1540 2888 corr.
1570 2843 1618 2888 in
1646 2838 1694 2903 V)
1728 2842 1772 2888 P
1813 2840 2029 2887 AVVLSA

118 2953 282 3016 Ryibc
370 2959 450 3005 491
483 2954 669 3002 ΡΠΝΕὸ
689 2954 748 3001 M
835 2960 922 3005 492
947 2955 1093 3002 refers
1113 2955 1154 3016 (Γ
1175 2970 1233 3001 m
1256 2951 1299 3018 2)
1323 2970 1353 3017 y
1449 2953 1524 3001 ΗΟ
1574 2954 1620 3001 Ρ
1708 2927 1797 3005 494
1817 2954 2029 3001 PRIMUM

114 3024 182 3074 Pl
285 3030 372 3075 495
402 3039 577 3073 summe
607 3024 806 3073 Servius
829 3026 945 3074 Aen.
973 3026 1006 3073 11
1031 3031 1117 3083 645
1213 3025 1380 3073 Divom
1407 3025 1460 3086 (Ο
1489 3040 1617 3073 corr.
1644 3027 1698 3078 in
1719 3024 1770 3085 V)
1796 3025 1841 3071 P
1872 3025 2028 3071 diuum

26 3126 31 3132 ι
115 3096 202 3159 ybc
295 3101 382 3147 496
406 3096 551 3160 capud
575 3110 603 3143 c
695 3101 779 3148 497
809 3095 979 3153 ΝΕΟὈ
1005 3098 1049 3144 R
1147 3103 1235 3149 498
1259 3094 1412 3144 ss&um
1438 3105 1491 3160 γι
1603 3095 1735 3143 meft'
1765 3110 1823 3142 m.
1854 3109 1951 3143 rec.
1982 3098 2028 3142 in

114 3177 217 3213 ras.
248 3180 276 3213 c
313 3174 513 3214 maestos
543 3166 730 3214 Menlel.
749 3182 832 3228 pr.
860 3183 922 3215 m.
952 3174 974 3218 l
1095 3172 1182 3219 499
1212 3168 1274 3215 ΙΤ.
1294 3165 1344 3228 (Τ
1372 3182 1431 3214 m.
1461 3173 1558 3214 ant.
1585 3182 1714 3215 corr.
1741 3180 1806 3213 ex
1827 3164 1878 3228 N)
1906 3167 1951 3213 P

116 3239 302 3328 ge'i'i'itur
323 3267 350 3313 a
495 3266 713 3314 infractae
747 3266 802 3314 aa
828 3267 1002 3330 proelia
1028 3262 1169 3332 vires]
1204 3266 1622 3315 AEADPROELIAV
1649 3268 1696 3312 fn
1731 3280 1831 3312 ras.
1862 3265 1906 3311 R

118 3341 284 3413 infecte
311 3363 350 3427 (ῐ
371 3378 501 3412 corr.
527 3377 593 3412 ex
621 3372 639 3412 t
671 3366 744 3413 vel
770 3382 795 3414 c
821 3367 895 3414 vel
920 3366 960 3427 r)
985 3382 1016 3429 γ
1117 3366 1286 3430 praelia
1313 3367 1340 3413 b
1438 3373 1524 3415 500
1549 3379 1619 3425 sq.
1647 3366 1814 3411 ordine
1839 3366 2028 3412 inverso

116 3434 205 3496 ybc
322 3441 411 3485 500
436 3434 590 3483 1⁰1⁵:th
615 3435 698 3484 Mb
799 3436 1018 3485 AVCTOR
1045 3437 1090 3485 R
1211 3444 1289 3488 501
1322 3451 1427 3489 om..
1460 3438 1546 3483 sed
1576 3437 1671 3481 ima
1691 3448 1809 3496 paq.
1837 3449 1896 3483 m.
1925 3439 2024 3482 ant.

117 3505 227 3552 aad.
255 3503 311 3562 P,
335 3506 688 3567 interpretatur
713 3506 912 3556 Servius
