2436 3984
375 133 439 183 28
1047 147 1261 181 VERGILI
1288 146 1476 179 Aemus
1502 147 1579 179 vn

513 285 827 335 ‘exulibusue
867 284 1009 331 datur
1048 282 1268 331 ducenda
1308 283 1504 332 Lavinia
1542 282 1762 340 Teucris,

513 395 541 425 o
578 378 783 439 genitor,
822 389 912 422 nec
949 379 997 423 te
1034 375 1236 423 miseret
1268 381 1542 439 gnataeque
1581 375 1779 439 tuique?
2167 377 2270 427 360

512 483 603 516 nec
642 465 809 514 matris
839 465 1052 522 miseret,
1093 481 1239 531 quam
1277 466 1439 530 primo
1476 465 1703 530 aquilone
1738 467 1984 532 relinquet

511 557 727 622 perfidus
768 555 868 617 alta⁴
894 562 1068 621 petens
1101 556 1311 606 abducta
1351 558 1534 625 virgine
1572 558 1789 622 praedo?

511 664 572 698 an
610 662 709 696 non
741 648 809 696 sic
843 647 1084 713 Phrygius
1121 654 1348 712 penetrat
1384 649 1749 699 Lacedaemona
1786 655 1953 714 pastor

510 740 849 803 Ledaeamque
887 738 1125 788 Helenam
1163 720 1566 789 Troianas'vexit
1602 741 1662 790 ad
1698 740 1882 790 urbes?

511 831 627 896 quid
661 835 745 880 tua
782 836 948 880 sancta
984 831 1137 880 fides?
1175 831 1291 895 quid
1330 846 1448 880 cura
1487 832 1681 896 antiqua
1718 838 1918 882 tuorum
2169 834 2271 882 365

511 929 559 972 et
585 923 962 993 consanguineo.
996 924 1178 972 totiens
1215 923 1327 973 data
1365 923 1564 973 dextera
1603 923 1806 973 Turno?

510 1015 548 1063 si
587 1029 740 1078 gener
773 995 970 1063 externa
1010 1015 1191 1078 petitur
1229 1015 1290 1064 de
1329 1020 1489 1078 gente,
1512 1015 1695 1064 Latinis

510 1107 656 1172 idque
689 1105 825 1155 sedet
863 1106 1116 1170 Faunique
1151 1113 1384 1170 premunt
1418 1112 1467 1156 te
1502 1109 1633 1157 iussa
1669 1108 1901 1172 parentiS,

510 1212 706 1248 omnem
741 1197 968 1263 equidem
1007 1199 1213 1262 sceptris
1244 1203 1427 1247 terram
1466 1214 1591 1263 quae
1621 1198 1779 1248 libera
1817 1200 1995 1248 nostris

510 1290 724 1347 dissidet,
762 1295 1013 1339 externam
1050 1303 1167 1340 reor
1205 1295 1254 1339 el
1291 1290 1362 1339 sic
1399 1290 1565 1340 dicere
1604 1290 1756 1339 divos.
2170 1292 2272 1341 370

511 1386 559 1431 et
594 1381 777 1438 Turn0,
814 1382 853 1430 si
886 1383 1042 1446 prima
1079 1382 1254 1454 domus
1292 1386 1546 1447 repetatur
1578 1383 1734 1445 origo,

509 1473 719 1522 Inachus
756 1474 1069 1539 Acrisiusque
1111 1456 1278 1538 patres
1314 1473 1603 1538 mediaeque
1638 1473 1902 1539 Mycenae?

369 1646 706 1679 TESTIMONIA.

483 1698 566 1741 359
595 1699 860 1741 Macrobius
883 1699 979 1741 Sat.
1004 1700 1067 1740 IV
1088 1699 1130 1751 3,
1153 1700 1178 1739 7
1209 1699 1451 1753 Emporias
1482 1699 1595 1740 rhet.
1618 1699 1701 1740 304
1719 1699 1767 1741 C.
1798 1699 1943 1753 Asper
1974 1701 2067 1740 iun.
2095 1700 2203 1740 1726
2223 1702 2274 1741 P.

371 1755 557 1798 Servius
588 1756 703 1797 Aen.
734 1756 825 1796 XII
859 1754 910 1796 15
1025 1755 1109 1797 360
1123 1756 1280 1797 ,Probi
1310 1757 1418 1797 inst.
1450 1756 1472 1796 I
1501 1755 1541 1807 6,
1576 1757 1602 1795 2
1702 1756 1808 1796 ‘nec
1842 1787 1851 1796 .
1875 1786 1886 1797 .
1913 1788 1922 1798 .
1955 1757 2132 1810 tuique'
2165 1758 2276 1798 Aru-

370 1812 528 1853 sianus
558 1811 643 1853 246
672 1814 725 1854 L.
843 1810 924 1854 362
957 1812 1142 1853 Servius
1172 1813 1284 1854 Aen.
1316 1813 1358 1853 X
1389 1812 1471 1851 774
1562 1810 1645 1854 363
1676 1825 1744 1865 sq.
1774 1813 1950 1854 Donati
1981 1826 2055 1854 ars
2085 1814 2156 1854 III
2186 1812 2226 1864 6,
2250 1815 2277 1853 2

369 1869 497 1910 Beda
528 1869 584 1911 de
615 1873 732 1923 trop.
763 1866 847 1911 386
878 1868 927 1909 C.
970 1869 1110 1910 schol.
1143 1869 1252 1910 Hor.
1287 1882 1425 1910 carm.
1457 1869 1528 1909 III
1558 1867 1597 1915 3,
1628 1868 1683 1908 25
1714 1869 1779 1909 IV
1808 1867 1852 1921 9,
1888 1867 1939 1910 16
2053 1868 2137 1911 363
2166 1870 2275 1911 Dio-

370 1926 525 1967 medes
556 1924 640 1966 460
660 1883 716 1967 Pp
745 1925 947 1966 Isidorus
979 1926 1093 1979 orig.
1124 1927 1170 1966 II
1192 1925 1260 1977 30,
1285 1926 1309 1965 7
1343 1925 1529 1967 Servius
1559 1925 1672 1967 Aen.
1703 1926 1769 1966 IX
1794 1924 1874 1965 144
1987 1925 2071 1967 368
2104 1926 2279 1967 ‘Fauni

406 2014 416 2024 .
442 2013 451 2023 .
484 1980 715 2036 parentis'
748 1982 924 2022 Nonius
955 1980 1051 2033 365,
1086 1983 1111 2021 2
1250 1957 1335 2023 371
1369 1995 1433 2034 sq.
1468 1982 1654 2023 Servius
1683 1982 1797 2023 Aen.
1830 1983 1894 2023 VI
1923 1980 1980 2022 88
2096 1986 2165 2025 ‘et
2197 2014 2206 2024 .
2232 2012 2242 2023 .
2267 2014 2276 2024 .

369 2037 525 2130 pater'
558 2038 700 2079 schol
733 2039 842 2078 Hor.
876 2051 1014 2079 carm.
1049 2039 1095 2078 II
1127 2037 1165 2089 3,
1199 2037 1255 2077 20
1377 2038 1458 2079 372
1492 2038 1677 2079 Servius
1709 2039 1821 2081 Aen.
1853 2039 1941 2079 VII
1971 2037 2050 2078 791

373 2183 533 2216 VARIA
558 2181 765 2215 LEOTIO.

474 2259 559 2303 359
583 2253 871 2299 EXULIB·NE
898 2252 951 2298 M
986 2252 1318 2298 EXVLIBVSVE
1346 2253 1390 2298 R
1514 2253 1719 2299 exulibus
1747 2254 1947 2300 (lucenda
1973 2254 2108 2300 datur
2135 2258 2279 2300 ‘non-

373 2326 513 2371 nulli'
536 2324 778 2370 Pieriani:
804 2323 869 2384 cf.
895 2323 948 2368 VI
973 2329 1031 2372 84
1141 2328 1229 2373 360
1256 2316 1315 2370 Ὀ·
1353 2323 1411 2369 M
1416 2385 1425 2391 -
1521 2329 1679 2392 gnatae
1704 2339 1734 2384 γ
1769 2330 1900 2370 natae
1924 2340 1949 2371 c
1986 2325 2109 2386 gnati
2134 2325 2284 2372 Probi

371 2397 479 2441 inst.
625 2399 708 2444 361
737 2408 843 2447 om„
867 2396 916 2440 in
943 2409 1032 2454 my.
1058 2409 1117 2439 m.
1147 2400 1173 2442 2
1201 2396 1310 2441 add.
1336 2395 1362 2440 b
1492 2397 1683 2441 miserae
1723 2395 1926 2441 Venetus
2034 2397 2201 2457 prim..
2226 2402 2279 2445 cl

369 2496 566 2556 primum
592 2508 619 2555 χ
710 2465 980 2549 RELlNd'ET
1002 2493 1060 2538 M
1091 2493 1310 2562 relinquit
1335 2499 1390 2542 62
1487 2499 1572 2544 362
1597 2460 1755 2541 ἒείιιοῑᾶ
1780 2508 1806 2540 c
1844 2494 2031 2555 abrepta
2058 2495 2277 2541 Rottend.

369 2577 476 2616 sec„
507 2561 662 2611 Servii
686 2563 806 2610 Aen.
835 2565 869 2609 X
889 2569 976 2614 774
1005 2564 1150 2616 Voss„
1179 2565 1346 2623 Reyin.
1376 2563 1592 2623 (obducta
1612 2563 1791 2623 Paris.)
1887 2570 1973 2614 363
2001 2564 2189 2612 ANNON
2208 2565 2275 2617 M,

369 2636 640 2686 Diomedes,
676 2635 852 2682 Isidori
875 2637 947 2682 ed.
973 2650 1051 2694 pr.
1108 2635 1294 2682 ΑΤΝΟΝ
1320 2636 1420 2697 Βγ,
1451 2636 1631 2681 Donati
1658 2636 1786 2690 eod„
1823 2633 2004 2681 Isidori
2026 2651 2064 2681 ω
2097 2633 2278 2695 (utnon
2429 2658 2436 2718 Ι

372 2707 491 2753 Gud.
514 2705 556 2770 4)
573 2742 585 2760 ,
613 2707 761 2754 schol.
784 2705 909 2753 Hor.
941 2708 1132 2753 Acnnon
1160 2705 1202 2766 (c
1229 2721 1288 2751 m.
1320 2705 1364 2766 2)
1390 2707 1416 2752 b
1458 2706 1620 2752 Adnon
1647 2706 1691 2766 (d
1713 2719 1841 2751 corr.
1867 2707 1916 2751 in
1948 2703 1978 2768 t)
2006 2721 2032 2752 c
2096 2710 2164 2753 ‘at
2187 2721 2279 2753 non

369 2777 435 2823 sic
464 2778 714 2839 Phrygius:
753 2778 926 2837 leyitur
949 2783 994 2823 et
1029 2791 1179 2823 annon
1205 2777 1289 2828 sic,
1323 2778 1410 2823 sed
1436 2777 1524 2822 hoc
1552 2778 1818 2823 absolutum
1845 2782 1928 2822 est.
1980 2778 2024 2822 si
2051 2782 2204 2823 autem
2235 2785 2280 2823 at
2367 2768 2374 2774 ”

370 2849 558 2907 legeris,
586 2848 858 2906 copulativa
876 2849 1127 2907 particula
1159 2854 1230 2893 est
1256 2850 1320 2893 ad
1341 2853 1565 2893 ornatum
1590 2849 1741 2894 solum
1764 2844 2037 2905 pertinens'
2066 2845 2277 2894 Servius.

371 2919 418 2964 a!
454 2932 547 2963 non
595 2920 702 2963 olim
741 2920 934 2965 conieci.
1119 2918 1391 2964 PHRYGIVS
1429 2918 1596 2978 (HRYG
1632 2920 1680 2962 in
1714 2918 1832 2978 ras.)
1871 2917 1914 2962 R
1964 2918 2200 2964 PHYGIOS
2229 2918 2286 2964 M

368 2989 562 3049 pryg'iul'
591 2994 648 3048 yl
697 2988 876 3049 frygiul'
915 2996 974 3050 72
1116 2988 1518 3034 LACAEDEMONA
1555 2989 1655 3033 MR
1821 2993 1908 3038 364
1947 2988 2202 3034 LAEDEAM
2234 2989 2279 3035 R

369 3057 542 3105 ledealn
572 3073 602 3120 γ
675 3052 874 3104 helenam
899 3074 930 3120 y
1040 3060 1245 3106 troianul'
1263 3060 1316 3107 bl
1425 3064 1510 3108 365
1540 3058 1666 3114 QU1T
1692 3058 1751 3103 M
1871 3056 1942 3106 l'ca
1973 3073 1998 3104 c
2124 3060 2223 3119 quit
2249 3074 2279 3121 γ

477 3130 576 3175 iura
600 3128 836 3174 Parrhas.
877 3130 988 3176 Ven.
1155 3134 1240 3179 366
1282 3130 1389 3191 quid
1417 3131 1756 3190 consanguineo
1795 3129 1952 3176 Servii
1983 3131 2032 3175 in
2062 3130 2279 3193 lemmate

371 3228 539 3288 Βορέῃ.
572 3228 700 3286 Lips.
828 3232 939 3324 n361⁷
977 3228 1051 3274 sio
1078 3234 1130 3273 ut
1163 3229 1252 3273 vid.
1281 3234 1339 3290 71
1485 3232 1571 3278 369
1604 3206 1711 3283 ‹JAE
1738 3229 1794 3274 M
1934 3233 2021 3278 370
2054 3226 2230 3275 Desid&
2254 3244 2279 3275 c

478 3340 666 3387 DICERE
694 3340 795 3386 Rbe
830 3339 1073 3385 POSCERE
1100 3339 1155 3384 M
1190 3340 1360 3392 dicere,
1391 3343 1435 3402 ai
1459 3342 1704 3403 poscerey
1715 3341 1821 3400 :ef
1853 3345 1939 3436 272
1966 3341 2055 3386 VIII
2084 3347 2171 3389 512

374 3421 469 3486 371Ι
492 3440 592 3484 sine
618 3440 791 3497 interp.
817 3437 872 3483 M
998 3442 1084 3487 372
1109 3438 1371 3484 ACRISEUS
1399 3438 1455 3483 M
1493 3439 1631 3485 acril'.
1645 3440 1718 3484 iul*
1741 3455 1770 3500 y
1817 3441 1964 3486 acrius
1986 3440 2011 3483 b
2149 3447 2279 3500 pater

379 3507 592 3566 Oudart.,
620 3509 765 3555 schol.
797 3509 918 3554 Hor
1028 3523 1126 3570 my
1128 3523 1274 3555 cenae
1307 3524 1337 3570 γ
1362 3509 1562 3555 micenae
1591 3523 1617 3555 c
