2436 3984
411 188 513 240 260
1103 177 1320 239 viimam
1345 204 1532 241 Anums
1559 206 1613 240 m

550 344 756 392 vidimus
792 343 1001 405 ingentis
1041 347 1088 390 et
1125 340 1448 392 desolavimus
1485 359 1645 406 agros,

549 439 630 483 aut
664 435 706 481 si
744 433 871 481 fama
907 439 1083 489 movet,
1125 435 1167 481 si
1204 438 1390 482 tantum
1423 439 1626 497 pectore
1664 435 1817 484 robur

550 525 766 588 concipis
805 530 852 573 et
889 526 930 572 si
967 525 1090 574 adeo
1128 523 1299 573 dotalis
1335 527 1471 587 regia
1511 526 1650 574 cordi
1685 532 1773 582 est,

547 617 672 665 aude
704 621 849 680 atque
885 616 1143 666 adversum
1179 616 1335 665 fidens
1371 617 1445 665 fer
1476 624 1647 681 pectus
1683 618 1732 665 in
1767 617 1975 666 hostem.
2203 620 2305 679 370

546 707 729 756 scilicet
762 713 816 757 ut
853 699 1021 757 Turno
1061 709 1311 771 contingat
1347 710 1482 772 regia
1516 710 1743 766 coniunx,

546 815 636 848 nos
668 800 859 848 animae
897 799 1028 857 viles,
1064 800 1315 848 inhumata
1352 799 1615 864 infletaque
1652 800 1812 856 turha,

546 897 824 940 sternamur
859 892 1059 956 campis.
1116 892 1260 940 etiam
1296 897 1365 947 tu,
1405 893 1542 956 siqua
1583 892 1670 941 tibi
1704 893 1788 948 viS,

489 990 502 992 ὴ
546 984 587 1031 si
619 983 765 1047 patrii
802 983 917 1047 quid
957 982 1125 1032 Martis
1163 983 1330 1040 habeS,
1369 983 1506 1033 illum
1545 985 1709 1048 aspice
1745 989 1931 1040 contra,

546 1075 630 1138 qui
668 1073 838 1124 vocat.'
2204 1075 2305 1125 375

615 1187 814 1237 Talibus
854 1189 1034 1237 exarsit
1070 1188 1211 1237 dictis
1248 1188 1471 1238 violentia
1510 1189 1678 1238 Turni,

544 1279 625 1328 'dat
658 1281 895 1342 gemitum
931 1282 1214 1346 rumpitque
1250 1281 1338 1329 has
1375 1282 1475 1329 imo
1515 1287 1715 1344 pectore
1752 1296 1919 1330 voces:

546 1371 708 1436 ‘larga
747 1371 960 1435 quidem,
1003 1372 1209 1429 Drance,
1248 1387 1444 1435 semper
1481 1372 1567 1421 tibi
1607 1373 1745 1437 copia
1780 1372 1911 1421 sandi

543 1469 662 1521 tum,
696 1478 808 1512 cum
849 1463 977 1513 bella
1015 1479 1189 1513 manus
1226 1471 1453 1529 poscunt,
1495 1463 1815 1528 patribusque
1853 1465 2034 1513 vocatis

540 1542 732 1620 primus
766 1555 898 1605 ades,
961 1564 1036 1606 set
1074 1571 1173 1604 non
1202 1555 1436 1620 replenda
1473 1562 1545 1605 est
1582 1557 1718 1605 curia
1756 1555 1934 1613 verhiS,
2202 1553 2303 1606 380

332 1808 334 1811 ,
401 1777 739 1811 TESTIMONIA.

513 1851 596 1892 368
628 1865 693 1905 sq.
729 1854 833 1892 ‘aut
864 1882 874 1892 .
899 1882 909 1891 .
937 1882 946 1891 .
980 1851 1212 1905 concipis'
1245 1853 1374 1893 Beda
1406 1853 1461 1893 de
1492 1857 1608 1906 trop.
1641 1852 1725 1894 379
1755 1852 1804 1893 C.
1923 1853 1986 1893 ‘si
2015 1856 2191 1893 tantum
2223 1883 2234 1894 .
2259 1886 2267 1894 .
2294 1882 2303 1893 .

403 1906 636 1961 coneipis'
678 1909 855 1949 Donati
888 1922 961 1949 ars
992 1910 1062 1949 111
1093 1908 1135 1960 6,
1167 1911 1193 1950 2
1245 1910 1483 1950 Charisius
1514 1911 1596 1950 243
1646 1909 1895 1950 Diomedes
1925 1908 2008 1950 453
2057 1910 2304 1963 Pompeius

398 1964 482 2006 465
514 1966 566 2005 L.
683 1964 763 2005 371
799 1968 933 2006 an'on.
969 1965 1024 2005 de
1056 1966 1198 2007 verbo
1230 1965 1284 2007 35
1314 1980 1358 2019 p.
1395 1964 1475 2006 165
1505 1966 1641 2006 Endl.
1743 1966 1825 2006 372
1858 1968 1963 2006 ‘nos
1995 1979 2037 2006 a.
2070 1965 2128 2007 v.’
2161 1966 2302 2007 schol.

398 2022 556 2063 Iuven.
588 2022 701 2061 XIII
734 2021 813 2061 142
929 2021 1192 2062 ‘inhumata
1223 2024 1254 2062 i.
1287 2021 1337 2063 t.’
1371 2023 1558 2064 Servius
1589 2022 1702 2063 Aen.
1734 2023 1799 2063 VI
1830 2021 1912 2063 325

398 2237 561 2271 VARIA
587 2237 797 2270 LECTIO.

540 2320 622 2364 367
666 2313 936 2359 lNGENTES
978 2313 1091 2359 Mbc
1233 2314 1609 2361 DESOLAVIMVS
1634 2315 1816 2373 AGROS
1853 2315 2063 2376 MRytzc,
2108 2314 2305 2360 Servius

399 2385 705 2431 desolauilnus
732 2385 869 2445 agros
891 2386 941 2429 in
966 2397 1067 2429 ras.
1102 2390 1307 2442 praeter
1330 2387 1395 2431 Iit.
1424 2386 1477 2443 d,
1504 2386 1529 2430 b
1567 2385 1964 2431 DESIGNAVIMVS
1989 2384 2171 2431 AGROS
2202 2386 2303 2446 Pyl

520 2456 597 2502 Sat
623 2458 783 2502 funera
811 2456 940 2501 fusos
973 2455 1165 2513 vid-imus
1192 2455 1393 2515 ingentis
1420 2463 1466 2502 et
1491 2456 1824 2518 designavimus
1851 2471 1988 2518 agros
2015 2457 2122 2502 oiim
2148 2458 2302 2514 scrip-

398 2534 494 2573 tum
518 2526 671 2580 fuisse
696 2528 877 2573 conieci
899 2529 947 2571 in
973 2527 1152 2572 nuntiis
1175 2528 1242 2572 lit
1270 2529 1546 2574 academiae
1574 2529 1904 2573 Berolinensis
1939 2542 1978 2572 a.
2015 2532 2129 2577 1854
2153 2541 2204 2585 p.
2229 2531 2302 2584 41,

396 2600 426 2643 i
454 2611 492 2644 e.
534 2599 643 2644 satis
670 2597 842 2643 multos
879 2605 931 2643 ut
957 2598 1119 2643 funera
1146 2604 1316 2643 stratos
1341 2598 1534 2644 vidimus
1568 2613 1819 2659 eorumque
1856 2597 2127 2658 corporibus
2165 2612 2301 2662 agros

396 2669 518 2714 velut
547 2669 748 2729 tropaeis
773 2668 1058 2714 distinximus
1089 2673 1135 2713 et
1163 2668 1444 2714 ornavimus:
1477 2669 1542 2728 cf.
1571 2674 1656 2718 386
1800 2674 1886 2718 368
1915 2667 2094 2714 ROBVR
2123 2668 2301 2728 Βγῖὂε,

399 2735 563 2802 (OBVR-
581 2741 630 2784 in
651 2738 769 2799 ras.)
790 2739 834 2783 P
867 2739 1047 2785 RUBOR
1066 2738 1177 2800 Myl
1213 2739 1353 2785 robor
1378 2739 1585 2785 Charisii
1603 2755 1654 2795 ω,
1679 2739 1920 2785 Diomedis
1938 2745 1982 2811 ec
2000 2739 2200 2796 Pompei
2222 2751 2299 2783 ex.

491 2857 574 2901 369
601 2848 669 2915 et]
699 2852 808 2897 AUT
836 2852 892 2897 M
985 2851 1481 2898 ADEOE-STDOTALIS
1508 2853 1553 2897 P
1587 2851 1892 2898 ADEOTALIS
1915 2851 1971 2896 M
2058 2850 2225 2896 ΒΕΊ-ἸΑ
2249 2850 2305 2894 M

491 2922 788 2969 CORDISEST
818 2923 861 2967 P
891 2922 1030 2973 cordi,
1061 2937 1150 2968 om.
1177 2930 1260 2979 est,
1302 2923 1414 2969 Ven.
1514 2929 1601 2973 370
1627 2922 1807 2978 ADQVE
1831 2923 1876 2968 R
1973 2921 2230 2967 AVERSVM
2254 2921 2299 2966 R

538 3041 623 3085 372
651 2985 915 3080 INHU.MATA
943 3033 1104 3093 (erasa
1128 3035 1146 3079 1
1171 3037 1244 3081 vel
1267 3035 1399 3095 E)M
1512 3032 1687 3099 infleta]
1723 2987 2009 3082 lNffiiRTA
2037 3034 2124 3079 M:
2151 3033 2300 3093 cf.V1

397 3112 482 3183 325
626 3138 713 3183 373
753 3133 1017 3179 Sternamur
1044 3147 1073 3193 γ
1122 3126 1341 3179 Stnemur
1372 3148 1397 3179 c
1436 3116 1687 3180 sternemur
1713 3150 1739 3195 χ
1881 3141 1927 3180 et
1955 3136 2042 3180 iam
2069 3133 2299 3178 Heinsius

397 3205 531 3250 etiam
560 3204 756 3250 Servius
783 3205 893 3270 legit
1014 3209 1086 3299 Rtu
1109 3215 1359 3262 suprascr.
1384 3219 1414 3265 γ
1459 3204 1574 3249 TVM
1601 3206 1646 3250 P
1762 3205 1842 3250 tihi
1871 3218 2124 3264 suprascr.
2149 3218 2179 3263 γ

397 3322 483 3367 374
514 3317 730 3363 PATRIA
763 3318 809 3362 Ρ
946 3267 1187 3362 MARITRIS
1188 3316 1325 3361 ABES
1351 3317 1407 3361 M
1546 3316 1777 3368 CONTRA,
1805 3316 1896 3372 QUI
1922 3316 2100 3362 UOCAT
2135 3317 2295 3362 eodem

396 3401 536 3434 versu
564 3387 618 3432 M
719 3392 804 3437 375
832 3385 947 3442 Quid
970 3394 1028 3449 γι
1146 3392 1232 3437 378
1255 3387 1423 3432 Drance
1449 3401 1625 3448 semper
1648 3403 1675 3448 χ
1711 3385 1942 3432 DRANCE·
1971 3386 2221 3432 SSEMPER
2246 3387 2299 3432 M

399 3486 613 3532 SEMPER
635 3486 847 3532 DRANCE
874 3487 1069 3548 PRybm
1107 3488 1228 3546 semp
1252 3452 1424 3531 drane⁰0s
1443 3500 1478 3531 c
1616 3490 1701 3534 379
1728 3463 1914 3545 pgrcunt
1938 3500 1964 3530 c
2082 3492 2168 3535 380
2198 3486 2294 3531 seo

397 3557 544 3618 PRyc
640 3557 900 3617 inreplenda
925 3559 990 3603 el't
1013 3555 1074 3620 (in
1096 3555 1244 3615 eras.)
1270 3571 1300 3617 γ
1335 3556 1558 3617 implenda
1585 3556 1717 3602 Goth.
1740 3561 1846 3602 lert.
1898 3590 1905 3597 .
1946 3556 2100 3603 uerbis
2122 3552 2294 3619 (omnia
