2436 3984
341 147 443 199 248
1038 164 1256 197 VERGILI
1282 163 1468 196 Annms
1494 165 1550 197 x1

483 304 731 353 coniciunt
766 302 881 363 igni,
921 299 1085 364 galeas
1124 306 1363 364 ensesque
1400 300 1606 350 decoros

485 396 722 457 frenaque
760 391 1090 456 ferventisque
1129 396 1287 448 rotas;
1327 406 1443 455 pars
1480 408 1683 454 munera
1723 403 1853 453 nota,
2128 386 2246 445 '195

483 487 701 550 ipsorum
739 483 921 546 clipeos
961 488 1008 533 et
1042 498 1139 531 non
1180 483 1336 532 felicia
1372 483 1484 532 tela.

483 575 633 625 multa
672 575 819 624 boum
861 577 991 624 circa
1023 581 1302 625 mactantur
1342 591 1554 640 corpora
1581 576 1739 634 Morti,

482 669 869 731 saetigerosque
891 665 1013 717 sues*
1041 674 1306 732 raptasque
1340 684 1399 717 ex
1438 668 1664 717 omnibus
1703 671 1832 733 agris

483 761 532 809 in
571 759 820 808 flammam
854 759 1080 822 iugulant
1116 759 1348 823 pecudes.
1403 765 1509 809 tum
1542 759 1684 810 litore
1720 767 1823 810 toto

483 852 698 901 ardentis
731 857 956 916 spectant
988 853 1148 900 socios
1186 856 1498 916 semustaque
1537 859 1735 902 servant
2147 854 2249 905 200

484 944 628 994 busta
664 959 825 1009 neque
864 942 1003 993 avelli
1037 949 1258 1008 possunt,
1293 959 1389 994 nox
1429 945 1594 995 umida
1633 946 1790 995 donec

485 1037 684 1087 invertit
721 1034 910 1085 caelum
949 1034 1101 1085 stellis
1140 1035 1425 1086 ardentibus
1463 1042 1647 1102 aptum.

558 1172 661 1221 Nec
696 1172 857 1221 minus
897 1175 945 1220 et
975 1171 1144 1220 miseri
1182 1172 1372 1220 diversa
1409 1173 1460 1220 in
1498 1177 1634 1236 parte
1665 1173 1821 1222 Latini

487 1267 772 1313 innumeras
811 1270 1035 1313 struxere
1074 1279 1232 1329 pyras
1271 1271 1318 1313 et
1349 1280 1559 1329 corpora
1596 1267 1773 1329 partim

485 1356 636 1406 multa
676 1357 833 1405 virum
871 1362 1035 1405 terrae
1071 1356 1315 1405 infodiunt
1352 1361 1615 1422 avectaque
1653 1358 1834 1422 partim
2150 1358 2251 1407 205

486 1450 717 1498 finitimos
756 1447 932 1497 tollunt
968 1449 1016 1497 in
1050 1462 1196 1511 agros
1237 1448 1446 1514 urbique
1482 1450 1751 1506 remittunt,

486 1546 648 1591 cetera
687 1540 1021 1605 confusaeque
1061 1543 1307 1605 ingentem
1350 1542 1513 1592 caedis
1550 1557 1776 1591 acervom

484 1649 576 1683 nec
611 1648 817 1683 numero
856 1648 947 1682 nec
988 1633 1177 1682 honore
1211 1639 1457 1683 cremant:
1494 1640 1613 1683 tunc
1651 1634 1867 1698 undique
1903 1635 2025 1684 vasti

488 1727 710 1775 certatim
750 1725 940 1774 crebris
979 1725 1240 1775 conlucent
1272 1725 1467 1789 ignibus
1503 1727 1624 1791 agri.

486 1818 629 1868 tertia
660 1818 742 1867 lux
778 1817 990 1881 gelidam
1030 1818 1165 1867 caelo
1204 1819 1476 1867 dimoverat
1510 1818 1768 1868 umbram:
2152 1816 2254 1868 210

489 1917 769 1961 maerentes
807 1909 959 1961 altum
999 1911 1218 1960 cinerem
1257 1916 1303 1960 et
1342 1911 1544 1960 confusa
1578 1909 1789 1960 ruebant

342 2126 684 2160 TESTIMONIA.

462 2201 541 2243 195
576 2201 821 2254 ‘frenaque
855 2202 887 2242 f.
922 2200 972 2241 r.’
1008 2201 1195 2243 Servius
1227 2215 1300 2254 ge.
1334 2201 1404 2241 ΙΙΙ
1439 2199 1518 2241 107
1686 2199 1766 2241 196
1795 2200 1940 2241 schol.
1973 2182 2081 2241 Hor.
2117 2214 2256 2242 carm.

344 2261 367 2300 I
398 2258 464 2309 35,
499 2257 553 2299 38
687 2258 764 2298 197
798 2258 1085 2299 ‘mactantur
1115 2272 1153 2300 c.
1187 2257 1261 2298 m.'
1295 2258 1548 2299 Arusianus
1579 2271 1624 2312 p.
1655 2257 1738 2298 247
1770 2259 1822 2299 L.
1968 2257 2047 2298 211
2083 2270 2149 2312 sq.
2185 2257 2255 2299 ‘et

383 2346 392 2356 .
418 2346 428 2356 .
463 2314 607 2356 focis'
638 2316 812 2357 Nonius
844 2314 942 2363 380,
974 2314 1001 2355 8

348 2433 493 2441 ’‘F—-

342 2517 505 2552 VARIA
528 2517 738 2550 LEOTIO.

488 2600 572 2646 194
596 2595 841 2641 DECORUS
866 2594 919 2655 (U
942 2610 1071 2641 corr.
1097 2598 1146 2641 in
1171 2595 1223 2656 0)
1253 2593 1310 2640 Μ
1412 2601 1494 2645 195
1519 2594 1839 2641 FERUENTES
1864 2594 1922 2640 M
2039 2600 2119 2644 196
2149 2595 2255 2640 CLI-

342 2666 518 2735 PAEOs
548 2666 593 2712 R
633 2666 802 2727 clipeal'
822 2673 875 2715 cl
1023 2667 1142 2712 telos
1166 2674 1219 2715 cl
1367 2672 1451 2716 198
1487 2666 1721 2727 Setigeros
1742 2667 1768 2712 b
1817 2666 2062 2726 Sedigeral'
2086 2674 2138 2715 cl

345 2773 429 2816 199
455 2766 655 2812 flammas
685 2781 731 2811 m
828 2767 984 2818 littore
1011 2781 1037 2812 c
1131 2772 1218 2814 200
1245 2765 1515 2812 SEMIVSTA
1541 2765 1592 2826 (T
1617 2768 1666 2810 in
1685 2764 1802 2824 ras.)
1833 2765 1874 2810 R
1971 2771 2049 2814 201
2080 2765 2184 2810 NEC
2212 2766 2256 2811 R

442 2838 577 2884 euelli
605 2845 657 2885 cl
756 2837 939 2883 humida
966 2851 1024 2898 γε
1121 2843 1206 2884 202
1232 2836 1297 2896 cf.
1325 2837 1379 2881 lV
1410 2843 1495 2886 482
1523 2837 1575 2881 Vi
1600 2841 1685 2887 797
1790 2835 2165 2882 FVLGENTIBVS
2194 2837 2255 2892 R,

341 2913 548 2967 propter
573 2923 612 2954 v.
640 2914 728 2956 200
863 2913 956 2957 204
992 2907 1270 2954 STRVXERE
1298 2909 1350 2967 (T
1378 2923 1437 2953 m.
1470 2906 1588 2967 ant.)
1613 2909 1658 2953 P
1771 2907 1897 2967 piral'
1916 2922 1942 2953 c
2066 2903 2254 2970 partim]

344 2981 416 3024 PA
438 2981 486 3024 in
513 2993 610 3024 ras.
640 2980 700 3076 Ρ
798 2984 882 3026 205
910 2993 999 3024 om.
1027 2979 1216 3038 Menay.
1238 2994 1320 3038 pr.
1348 2985 1391 3024 et
1417 2979 1551 3025 Goth.
1580 2982 1704 3034 tert„
1726 2983 1838 3036 post
1863 2983 1949 3027 206
1974 2981 2023 3023 in
2056 2979 2187 3024 Leid.
2215 2983 2260 3024 el

347 3093 530 3138 Zulich.
661 3091 915 3137 IFODIVNT
941 3091 975 3151 (1
994 3106 1076 3150 pr.
1101 3092 1220 3151 fort
1246 3107 1375 3138 corr.
1403 3106 1468 3137 ex
1493 3093 1551 3189 ΤΡ
1554 3093 1627 3137 vel
1651 3088 1699 3154 F)
1725 3092 1770 3136 P
1814 3067 2037 3138 lnfodiunt
2062 3108 2092 3154 γ
2139 3093 2257 3137 inso-

346 3172 447 3251 dius
469 3207 494 3250 b
640 3210 726 3254 206
753 3205 1003 3251 Fenitimol'
1026 3211 1078 3264 y}
1207 3181 1338 3265 &gros
1357 3221 1387 3266 y
1505 3206 1591 3251 UBI
1622 3206 1681 3251 M
1819 3210 1903 3254 207
1942 3204 2194 3250 CETAERA
2216 3205 2261 3249 P

346 3274 526 3322 Ca&era
551 3277 609 3336 γὸ
738 3277 861 3322 cedis
880 3277 906 3321 b
959 3275 1190 3321 STRAGIS
1216 3276 1260 3320 R
1288 3282 1340 3321 uc
1364 3281 1450 3324 384
1474 3282 1518 3321 et
1547 3277 1600 3321 Vl
1626 3281 1713 3325 504
1834 3275 2092 3319 ACERUUM
2116 3275 2257 3336 Mybc

323 3365 604 3420 'ACERBVM
629 3375 674 3420 P
804 3379 891 3433 208
917 3368 1136 3420 NVMERO
1163 3375 1207 3419 R
1329 3373 1507 3429 NEQVE
1535 3375 1603 3420 1³0
1627 3352 1764 3434 ”etue
1791 3373 1831 3433 (ο
1864 3375 1972 3418 aad.
1999 3388 2057 3418 m.
2085 3373 2202 3434 rec.)
2228 3390 2258 3435 γ

489 3453 587 3491 tum
614 3452 671 3507 yl
813 3452 903 3494 209
944 3445 1226 3491 conlu.cent
1250 3450 1308 3507 γ2
1357 3445 1626 3491 conculcent
1650 3453 1706 3505 γ1
1757 3443 1972 3490 conluces
1996 3451 2047 3491 cl
2172 3451 2259 3493 210

348 3515 570 3576 ‘'—PERTIA
596 3530 654 3575 M
750 3536 831 3578 211
862 3531 1087 3577 Merentel'
1107 3546 1136 3592 γ
1232 3530 1417 3576 confuse
1445 3532 1498 3575 cl
