2436 3984
338 153 436 202 142
1026 169 1243 203 VERGILI
1267 169 1455 204 AAENms
1482 171 1537 201 1x

475 321 565 355 nec
602 305 804 367 longum
843 306 891 353 in
924 305 1086 354 medio
1123 310 1334 369 tempuS,
1375 321 1488 354 cum
1521 305 1705 355 clamor
1736 307 1796 356 ad
1829 309 1961 356 auris
2129 305 2229 355 395

473 398 697 461 pervenit
734 411 791 444 ac
821 396 950 445 videt
979 395 1260 461 Euryalum,
1300 410 1445 459 quem
1479 397 1574 445 iam
1609 412 1783 446 manus
1821 400 1978 447 omnis
2080 402 2082 404 ’

472 486 643 535 fraude
674 485 769 535 loci
802 474 850 536 et
886 488 1056 543 noctiS,
1094 487 1255 536 subito
1296 486 1523 536 turbante
1560 488 1787 544 tumultu,

472 593 763 641 oppressum
800 579 926 642 rapit
965 585 1012 628 et
1045 584 1302 628 conantem
1340 578 1551 643 plurima
1588 580 1786 629 frustra.

472 669 587 733 quid
625 669 799 718 saciat?
840 685 934 734 qua
973 671 1014 718 vi
1050 671 1293 727 iuvenem,
1334 669 1514 734 quibus
1550 671 1726 720 audeat
1760 671 1907 719 armis

472 761 693 825 eripere?
733 776 794 810 an
827 776 935 811 sese
972 762 1161 811 medios
1198 763 1468 811 moriturus
1500 763 1549 811 in
1589 777 1730 812 enses
2127 763 2230 812 400

470 853 648 902 inserat
684 858 731 902 et
767 852 1026 917 pulchram
1062 848 1299 918 properet
1334 869 1425 918 per
1464 853 1662 903 volnera
1702 854 1944 904 mortem?

471 945 606 994 ocius
643 944 853 994 adducto
888 950 1127 1010 torquens
1163 946 1334 995 hastile
1371 929 1574 1003 lacerto,

470 1037 739 1102 suspiciens
777 1036 943 1095 altum,
977 1037 1165 1087 Lunam
1201 1039 1271 1087 sic
1307 1053 1426 1088 voce
1464 1044 1720 1102 precatur:

324 1293 662 1328 TESTIMONIA.

438 1367 520 1410 397
559 1368 703 1410 schol.
736 1369 903 1410 Veron.
939 1368 1035 1421 102,
1067 1368 1093 1410 3
1265 1368 1349 1411 398
1389 1369 1467 1410 ‘ac
1501 1374 1743 1411 conantem
1774 1385 1817 1424 p.
1851 1369 1909 1411 f.’
1960 1372 2228 1413 Priscianus

328 1424 436 1467 1183
607 1425 690 1466 399
720 1439 787 1479 sq.
841 1426 970 1479 ‘quid
1003 1456 1012 1466 .
1039 1458 1047 1466 .
1072 1457 1082 1466 .
1115 1425 1317 1479 eripere’
1359 1427 1622 1467 Macrobius
1655 1427 1749 1467 Sat.
1782 1426 1845 1468 IV
1875 1427 1915 1479 6,
1953 1428 2002 1468 12
2043 1429 2227 1469 Servius

324 1484 438 1525 Aen.
467 1483 532 1523 IV
560 1481 643 1537 283
758 1481 839 1522 401
875 1485 945 1523 ‘et
976 1513 986 1523 .
1012 1512 1023 1522 .
1047 1512 1058 1522 .
1090 1481 1303 1523 mortem’
1336 1483 1589 1524 Arusianus
1619 1497 1662 1537 p.
1693 1483 1776 1524 255
1797 1485 1850 1525 L.
1968 1484 2228 1538 ‘pulchram

325 1568 336 1579 .
362 1569 372 1578 .
399 1569 408 1578 .
441 1537 657 1580 mortem'
689 1539 836 1592 Asper
869 1538 962 1589 115,
990 1537 1040 1578 18
1134 1538 1219 1579 402
1248 1540 1423 1581 Nonius
1453 1539 1548 1591 246,
1573 1539 1628 1580 29
1660 1541 1719 1581 cf.
1754 1540 1896 1584 schol.
1928 1542 2094 1582 Veron.
2132 1540 2226 1592 102,

327 1594 379 1635 10
409 1596 465 1636 K.
582 1595 666 1637 403
695 1596 964 1637 Priscianus
998 1594 1106 1636 1034
1134 1597 1186 1636 Ρ.

320 1824 480 1859 VARIA
507 1824 715 1858 LECTIO.

463 1917 547 1961 395
576 1911 688 1957 TVM
716 1910 774 1955 M
805 1886 900 1956 ⁴t³um
926 1925 956 1972 γ
1089 1912 1212 1957 auris
1231 1911 1274 1970 (a
1301 1927 1362 1957 m.
1389 1910 1433 1970 2)
1459 1927 1490 1973 γ
1615 1918 1699 1962 396
1725 1912 1943 1958 eurialum
1969 1914 2024 1959 bc
2140 1916 2224 1963 397

321 1980 462 2027 LOCI·
491 1981 550 2026 M
570 1998 579 2027 :
606 1983 738 2027 nulla
767 1983 942 2039 interp.
971 1982 1019 2026 in
1048 1982 1095 2026 P
1138 1983 1393 2027 ‘Haterius
1405 2001 1419 2026 .·
1458 1983 1615 2028 fraude
1642 1983 1731 2029 loci
1751 1988 1910 2041 potest
1926 1997 2023 2042 per
2043 1997 2093 2029 se
2119 1985 2224 2043 le9i,

322 2053 491 2098 deinde
515 2053 736 2112 subiunyi
758 2059 803 2097 et
830 2052 979 2098 noctis
1006 2053 1157 2098 subito
1187 2059 1217 2098 t.
1248 2060 1278 2098 t.
1303 2089 1311 2096 .
1335 2089 1344 2097 .
1369 2088 1378 2097 .
1404 2055 1490 2099 sed
1507 2060 1551 2099 et
1582 2055 1675 2099 alio
1706 2056 1841 2099 modo
1866 2055 1986 2099 haut
2010 2055 2223 2100 absurda

314 2123 583 2178 distinctio,
611 2123 767 2168 fraude
792 2123 882 2169 loci
911 2130 956 2169 et
983 2123 1154 2174 noctis,
1196 2125 1363 2169 deinde
1389 2124 1541 2169 subito
1573 2123 1780 2170 turbante
1810 2119 2030 2170 tumultu'
2077 2126 2221 2170 schol.

335 2192 505 2239 Veron.
548 2194 727 2239 ‘fraude
753 2193 842 2239 loci
868 2200 913 2239 et
939 2195 1114 2240 noctis.
1139 2230 1148 2239 .
1172 2230 1181 2239 .
1210 2196 1403 2253 quidam
1429 2195 1578 2241 noctis
1603 2195 1756 2241 subito
1785 2195 1994 2244 turbante
2027 2195 2223 2241 tumultu

321 2264 500 2324 leyunt’
538 2264 746 2310 Servius
892 2268 980 2314 398
1017 2272 1310 2326 ‘oppressum
1343 2266 1485 2326 rapit:
1537 2267 1626 2311 lzoc
1666 2272 1736 2311 est
1771 2280 1904 2326 quem
1942 2266 2029 2311 iam
2064 2281 2222 2312 manus

322 2334 467 2382 omnis
494 2337 637 2396 rapit;
665 2350 776 2380 nam
797 2337 919 2381 male
947 2337 1139 2394 quidam
1166 2336 1286 2382 videt
1313 2337 1408 2397 rapi
1436 2338 1691 2395 accipiunt.
1734 2336 1870 2391 Quod
1890 2338 1935 2381 si
1955 2337 2221 2388 admiseris,

321 2411 459 2465 vacat
484 2421 617 2467 quem
645 2406 732 2452 iam
759 2421 917 2452 manus
941 2408 1113 2452 omnis’
1145 2407 1342 2453 Servius
1461 2408 1645 2473 rapiunt
1672 2407 2024 2466 Peerlkampus
2151 2403 2220 2470 et]

322 2492 371 2523 ac
398 2476 643 2523 Prisciani
668 2479 871 2536 exempl.
1018 2484 1102 2528 399
1129 2479 1236 2539 quid
1264 2473 1423 2540 saciat]
1465 2479 1552 2524 heu
1583 2478 1689 2539 quid
1717 2479 1850 2538 agat?
1889 2477 2086 2524 Servius
2105 2480 2219 2524 Aen.

318 2575 369 2621 IV
396 2581 484 2626 283
577 2541 698 2632 QUID
725 2576 782 2621 M
876 2546 1006 2622 faciat
1029 2577 1070 2637 (a
1087 2583 1212 2635 post.
1241 2579 1287 2622 in
1315 2574 1430 2640 ras.)
1452 2579 1478 2623 b
1579 2577 1746 2624 iuuene
1772 2576 1814 2637 (e
1835 2584 1958 2634 post.
1979 2579 2028 2622 in
2049 2577 2167 2636 ras.)
2194 2578 2220 2623 b

441 2650 590 2693 armis
627 2647 671 2693 V
805 2652 893 2695 400
918 2648 1092 2694 medios
1114 2647 1159 2707 (o
1189 2650 1239 2693 in
1264 2645 1380 2710 ras.)
1408 2650 1434 2694 b
1566 2647 1762 2693 HoSTIS
1788 2648 1914 2693 MRb
1944 2664 1954 2692 :
1983 2647 2048 2706 cf.
2075 2648 2109 2693 11
2135 2656 2217 2697 511

318 2717 479 2764 HOstis
503 2718 544 2764 V
582 2720 797 2778 ‘quidam
823 2720 867 2764 in
893 2733 1024 2764 enses
1049 2721 1210 2778 leyunt
1233 2725 1278 2765 et
1303 2721 1468 2765 melius
1491 2720 1579 2765 hoc
1601 2724 1779 2778 putant
1802 2732 1944 2778 quam
1972 2719 2016 2763 in
2038 2719 2221 2764 hostes’

320 2788 516 2835 Servius
681 2796 760 2838 401
815 2790 879 2848 cf.
913 2802 984 2848 9e.
1025 2789 1078 2835 IV
1106 2796 1193 2839 218
1240 2790 1355 2835 Aen.
1385 2784 1548 2839 Χ1647
1717 2790 1974 2835 PVLCRAM
2014 2789 2078 2835 Vc

316 2859 496 2906 PROPE
521 2859 556 2905 R
579 2859 649 2905 ET
675 2860 796 2920 (ERE
823 2863 870 2905 in
898 2860 1022 2919 ras.)
1051 2861 1096 2905 P
1185 2868 1401 2922 properet
1427 2857 1532 2923 per]
1562 2868 1753 2921 propter
1778 2862 2012 2906 Arusiani
2032 2862 2134 2906 cod.

317 2936 505 3004 uolnera
525 2973 556 3020 γ
594 2958 847 3004 VVLNERA
868 2958 921 3003 Μ
926 2959 1063 3006 PRbl
1103 2959 1311 3004 Vulnera
1335 2960 1378 3004 V
1408 2960 1596 3006 uulnere
1616 2967 1666 3007 cl
1766 2964 1852 3008 403
1880 2959 2034 3010 altum,
2050 2959 2216 3005 Lunam

316 3029 559 3088 Berylcius
583 3031 679 3075 ind.
704 3031 807 3074 lect.
824 3030 935 3075 Hal.
964 3035 1206 3079 aesl.1860
1221 3045 1273 3088 p.
1288 3030 1378 3074 Vlll
1414 3031 1604 3076 ALTAM
1626 3030 1831 3075 LVNAM·
1854 3030 1922 3075 ET
1945 3030 2218 3092 MPybcmip

317 3100 506 3145 ALTAM
531 3100 602 3145 AD
627 3099 815 3144 LVNAM
839 3100 909 3146 ET
940 3101 983 3146 R
999 3101 1038 3146 V
1083 3101 1392 3146 altam-lunam
1424 3108 1470 3147 et
1501 3116 1606 3147 cum
1631 3104 2012 3159 interpunctione
2032 3107 2143 3159 post
2170 3107 2217 3145 et

317 3172 530 3216 voculam
560 3172 868 3225 Priscianus,
904 3174 1158 3231 eodemque
1186 3173 1389 3230 artificio
1425 3172 1742 3231 ‘adfectatam
1776 3171 2095 3217 structuram’
2131 3183 2215 3215 ex-

311 3243 498 3300 plicare
524 3244 681 3300 Asper
703 3243 898 3287 studuit.
948 3242 1083 3289 altam
1108 3244 1279 3288 Lunam
1304 3244 1454 3288 deleto
1479 3250 1524 3288 et
1549 3242 1630 3303 (cf.
1659 3243 1713 3287 VI
1733 3242 1830 3301 186)
1858 3247 1966 3286 ante
1986 3242 2212 3287 Pieriam.

318 3311 519 3358 Servari
536 3314 692 3370 possit
716 3319 776 3368 et,
804 3314 847 3357 si
873 3315 943 3358 vel
967 3328 1006 3358 v.
1035 3319 1119 3361 402
1151 3319 1337 3372 torquet
1363 3315 1549 3358 scribas
1575 3314 1640 3371 (et
1658 3315 1912 3371 proposuit
1938 3318 2212 3372 torquetque

329 3383 598 3442 Waynerus
624 3385 747 3428 lectt.
775 3383 910 3442 Very.
942 3383 1045 3442 355)
1085 3385 1157 3429 vel
1190 3385 1388 3428 dissecto
1401 3398 1465 3427 w.
1492 3389 1580 3432 403
1607 3389 1720 3440 post
1754 3383 1903 3429 lunam
1941 3385 2033 3428 duo
2068 3383 2211 3427 lzemi-

315 3454 485 3498 stichia
509 3469 615 3500 cum
642 3455 780 3499 verbo
807 3455 943 3513 finito
970 3456 1245 3499 additurum
1268 3453 1422 3512 fuisse
1451 3459 1640 3511 poetam
1665 3460 1863 3499 statuas.
1915 3453 2212 3512 Quamquam

316 3525 430 3582 quid
452 3527 630 3571 addere
656 3527 867 3583 potuerit
901 3527 1073 3571 nescio.
1134 3525 1314 3570 Tuetur
1344 3532 1389 3570 et
1418 3527 1637 3584 copulam
1672 3531 1949 3585 comparato
1982 3525 2118 3571 Hom.
2153 3526 2213 3573 Il.
