2436 3984
337 73 403 121 40
1019 85 1235 118 VERGILI
1261 83 1450 116 AENms
1477 84 1554 116 vn

479 226 593 275 dum
633 225 741 287 paci
780 222 992 271 medium
1032 235 1084 268 se
1113 221 1270 275 offert,
1304 220 1595 268 iustissimus
1632 235 1760 270 unus

479 318 560 381 qui
598 316 686 364 suit
724 311 1046 374 Ausoniisque
1084 309 1199 358 olim
1234 310 1500 360 ditissimus
1533 313 1685 361 arvis:

479 408 692 471 quinque
729 417 905 466 greges
941 400 1012 450 illi
1045 400 1311 458 balantum,
1352 403 1497 466 quina
1536 403 1764 453 redibant

478 500 713 550 armenta,
755 499 803 543 et
839 499 1019 542 terram
1061 499 1259 542 centum
1294 493 1516 543 vertebat
1542 496 1734 545 aratris,

548 606 705 671 Atque
737 623 792 656 ea
830 603 919 670 per
951 620 1150 669 campos
1189 620 1345 670 aequo
1385 607 1503 656 dum
1542 609 1696 657 Marte
1735 614 1991 671 geruntur,
2139 611 2240 659 540

479 699 706 763 promissi
750 698 839 747 dea
879 698 1004 746 facta
1040 702 1231 762 potenS,
1270 697 1355 747 ubi
1393 675 1645 764 sanguine,
1667 699 1848 768 bell-um

479 790 654 840 imbuit
689 796 735 839 et
772 790 959 854 primae
997 789 1241 847 commisit
1274 789 1446 840 funera
1485 806 1696 857 pugnae,

484 883 666 932 deserit
701 882 991 946 Hesperiam
1035 886 1083 931 et
1115 880 1237 931 caeli
1269 896 1484 932 convexa
1521 898 1612 948 per
1650 899 1824 934 auraS.
1853 924 1863 934 .
1891 923 1901 934 .
1928 924 1938 934 .

479 974 719 1023 Iunonem
756 973 927 1023 victrix
966 973 1160 1023 adfatur
1195 989 1314 1024 voce
1349 975 1589 1039 superba:

483 1077 585 1123 ‘en,
625 1065 843 1129 perfecta
881 1065 970 1115 tibi
1006 1065 1136 1115 bello
1175 1065 1418 1116 discordia
1456 1068 1606 1117 tristi:
1709 1107 1718 1119 .
2139 1070 2241 1118 545

482 1158 559 1207 dic
596 1159 644 1206 in
683 1159 944 1208 amicitiam
979 1163 1154 1209 coeant
1192 1165 1239 1208 et
1274 1159 1470 1209 foedera
1510 1161 1729 1224 iungant.
1772 1175 1775 1178 ’

481 1250 676 1314 quando
715 1251 914 1315 quidem
948 1251 1165 1300 Ausonio
1201 1252 1419 1316 respersi
1456 1251 1693 1314 sanguine
1730 1250 1965 1310 TeucroS,

340 1437 678 1471 TESTIMONIA.

452 1503 536 1546 536
570 1505 696 1545 ‘dum
729 1533 739 1546 .
765 1536 775 1547 .
800 1534 811 1546 .
842 1504 999 1547 offert’
1032 1506 1298 1547 Macrobius
1330 1506 1428 1546 Sat.
1459 1507 1521 1547 IV
1551 1506 1594 1557 4,
1625 1505 1652 1546 3
1787 1505 1870 1546 537
1902 1506 2132 1547 ‘Ausoniis
2166 1539 2174 1547 .
2201 1537 2210 1546 .
2237 1537 2247 1547 .

342 1560 487 1601 arvis’
519 1563 783 1603 Macrobius
816 1562 910 1603 Sat.
946 1563 1009 1603 IV
1039 1562 1080 1614 3,
1113 1564 1137 1602 7
1282 1561 1365 1603 538
1395 1576 1460 1615 sq.
1505 1563 1727 1616 ‘quinque
1761 1593 1770 1602 .
1796 1593 1806 1602 .
1832 1595 1843 1606 .
1879 1562 2110 1603 armenta’
2145 1564 2246 1605 Ser-

340 1619 442 1659 vius
473 1617 585 1658 Aen.
620 1619 681 1659 VI
711 1617 765 1659 38
909 1619 989 1659 541
1023 1631 1089 1671 sq.
1130 1619 1365 1672 ‘promissi
1397 1648 1407 1658 .
1433 1648 1443 1658 .
1469 1649 1478 1658 .
1510 1617 1696 1659 imbuit’
1746 1620 1921 1660 Nonius
1951 1619 2048 1671 324,
2081 1621 2135 1660 24

339 1674 423 1715 543
455 1674 601 1715 ‘caeli
634 1706 644 1715 .
669 1706 681 1716 .
706 1705 717 1715 .
750 1674 909 1716 auras'
944 1676 1128 1716 Servius
1158 1676 1272 1716 Aen.
1303 1676 1326 1715 I
1356 1674 1438 1715 607
1468 1676 1511 1715 Χ
1540 1675 1596 1715 40
1711 1675 1795 1716 544
1827 1678 2069 1718 ‘Iunonem
2099 1691 2140 1717 v.
2178 1691 2218 1717 a.
2235 1675 2245 1695 ’

335 1732 518 1772 ‘Nonius
548 1730 646 1782 418,
678 1731 733 1773 23
875 1732 958 1772 547
989 1732 1180 1772 Maximi
1210 1732 1331 1772 Vict.
1363 1732 1418 1772 de
1450 1731 1528 1773 fin.
1561 1731 1613 1773 19
1644 1731 1781 1786 gloss.
1813 1746 1858 1786 p.
1889 1731 1973 1773 466
2003 1733 2137 1774 Endl.

343 1787 732 1841 ‘quandoquidem
763 1787 831 1830 A.’
864 1789 1003 1830 Probi
1033 1789 1140 1829 inst.
1173 1789 1196 1829 Ι
1229 1787 1295 1840 10,
1329 1788 1354 1829 3

341 1983 502 2017 VARIA
525 1983 737 2016 LEOTIO.

483 2059 568 2103 536
593 2053 725 2099 SESE
757 2054 892 2115 Ryic
1026 2058 1109 2103 537
1136 2054 1278 2099 FUlwr
1309 2054 1363 2098 M
1470 2053 1684 2099 ausonius
1705 2061 1757 2101 cl
1868 2054 2111 2100 ditissimus
2133 2057 2257 2101 aruis

342 2124 445 2184 (sed
469 2127 627 2171 omnia
654 2138 760 2171 exc.
787 2125 832 2170 di
857 2126 905 2170 in
932 2123 1102 2184 ras.)c
1234 2125 1370 2177 aruis,
1399 2126 1443 2171 ai
1471 2124 1593 2185 agris
1612 2140 1641 2186 y
1679 2125 1802 2203 agris
1830 2124 2024 2185 Menay.
2050 2141 2157 2184 pr.:
2185 2127 2250 2186 cf.

342 2239 359 2284 1
387 2244 473 2288 343
499 2239 534 2283 X
560 2244 646 2287 563
808 2244 921 2335 539Α
917 2238 1180 2283 ETERRAM
1204 2238 1262 2283 M
1393 2245 1573 2285 centum
1601 2245 1766 2284 terram
1791 2239 1817 2284 b
1957 2238 2169 2285 uertaba.
2196 2247 2250 2287 cl

445 2343 531 2385 540
555 2336 733 2392 ADQVE
759 2338 804 2383 R
887 2303 1067 2393 AEQVO
1093 2338 1152 2382 M
1170 2353 1289 2399 equo
1311 2354 1344 2402 y
1381 2353 1514 2385 saevo
1546 2338 1870 2384 Marklandus
1896 2339 1962 2383 ad
1987 2337 2129 2383 Statii
2149 2341 2251 2384 silv.

343 2410 374 2452 V
402 2415 443 2460 2,
475 2414 526 2456 21
557 2414 608 2453 ut
632 2414 718 2458 608
765 2423 910 2471 aequo
940 2408 1136 2454 Servius
1255 2415 1337 2457 541
1364 2411 1584 2455 Promissa
1608 2416 1661 2457 cl
1787 2404 1887 2472 ubi]
1919 2415 1969 2454 ut
1997 2424 2041 2453 m
2170 2415 2254 2458 542

344 2480 545 2525 IMBUIT·
581 2479 639 2524 M
750 2482 955 2541 pri.mae
981 2495 1010 2540 γ
1118 2476 1302 2543 funera]
1330 2480 1597 2526 SANGV1NE
1631 2480 1675 2525 R
1712 2494 1899 2525 munera
1930 2480 2254 2576 Marklxandus

343 2596 372 2638 l.
397 2595 453 2638 l..·
481 2593 545 2652 cf.
576 2593 612 2638 X
636 2599 721 2643 755
865 2599 952 2642 543
979 2594 1153 2654 esperia
1177 2608 1202 2639 c
1349 2593 1603 2640 CONVEXA
1627 2594 1854 2655 Rybcmip
1893 2592 2177 2639 CONUERSA
2201 2593 2259 2638 M

344 2679 543 2710 connexa
570 2664 742 2710 Moret.
764 2677 857 2710 sec.
900 2667 1118 2716 ‘convexa
1143 2679 1226 2725 per
1253 2680 1407 2711 auras:
1435 2665 1639 2719 Probus,
1655 2666 1826 2723 Asper,
1847 2663 2065 2710 Donatus
2091 2666 2255 2710 dicunt

344 2737 432 2780 hoc
459 2736 559 2780 loco
590 2750 671 2796 per
698 2737 767 2781 bis
793 2737 1152 2794 accipiendum:
1189 2738 1450 2795 alloquitur
1475 2736 1706 2782 Iunonem
1743 2750 1826 2796 per
1853 2734 1965 2780 caeli
1991 2750 2185 2782 convexa
2210 2741 2254 2780 et

347 2820 426 2866 per
449 2820 596 2851 auras.
624 2813 784 2864 polest
811 2811 968 2851 tamen
996 2820 1099 2852 esse
1125 2809 1432 2866 cpexeyesis:
1460 2821 1542 2867 per
1566 2822 1714 2859 auras,
1739 2807 1768 2851 i.
1783 2819 1822 2851 e.
1852 2805 1963 2852 caeli
1984 2820 2253 2852 convexa...

346 2878 457 2923 dicit
499 2879 639 2921 eciam
666 2879 856 2936 quidam
885 2879 1256 2923 commentarius
1291 2884 1504 2923 convecta
1538 2879 1814 2937 hymmum,
1856 2882 1910 2922 ut
1933 2878 1992 2922 sit
2016 2878 2124 2935 ipsa
2148 2892 2255 2923 con-

349 2954 471 2993 vecta
489 2981 499 2998 ,
526 2949 655 3006 quod
680 2947 879 3006 difficile
909 2951 958 2993 in
986 2949 1348 3007 eaeemplaribus
1374 2950 1639 2994 invenitur'
1678 2948 1889 2994 Servius.
1939 2947 2127 2993 connixa
2155 2949 2251 2993 Bo-

347 3019 473 3064 thius
515 3023 669 3064 evecta
694 3018 916 3077 Heynius
954 3034 1149 3066 convexa
1167 3020 1482 3078 participium
1518 3032 1620 3065 esse
1656 3020 1905 3064 Turnebus
1938 3026 2255 3077 persuaserat

345 3089 411 3134 M.
442 3089 657 3147 Hauptio
683 3090 876 3152 halielut.
904 3091 1068 3149 praef.
1096 3091 1222 3136 XVlil
1257 3091 1563 3150 (quamquam
1592 3104 1807 3136 conversa
1827 3091 1884 3134 'in
1915 3091 1989 3135 ed.
2020 3090 2259 3148 Lipsiensi

347 3159 552 3219 leyitur).
587 3160 721 3205 Alius
742 3162 935 3219 quidam
963 3163 1028 3206 ad
1049 3161 1170 3210 1607
1197 3162 1342 3207 sidera
1369 3177 1452 3222 per
1476 3177 1606 3208 auras
1634 3175 1854 3221 suspensa
1878 3161 2104 3219 intelliyit.
2137 3160 2260 3207 Mihi

350 3233 572 3276 omissum
597 3244 700 3276 esse
725 3233 920 3289 aliquid,
949 3233 1073 3276 velut
1100 3232 1285 3291 adpetit,
1312 3235 1511 3278 videtur.
1539 3231 1604 3291 cf.
1626 3233 1681 3277 lV
1700 3238 1783 3279 451
1875 3231 2011 3277 aures
2030 3231 2083 3278 bl
2170 3238 2257 3280 544

349 3315 562 3361 Iunonem
589 3323 634 3362 at
661 3317 820 3362 victrix
850 3317 995 3362 Nonii
1013 3316 1164 3361 Bern.
1192 3317 1217 3361 b
1247 3319 1314 3374 (ac
1325 3317 1361 3375 Ῡ)
1466 3316 1628 3363 uictrix
1655 3316 1698 3375 (x
1721 3331 1782 3360 m.
1804 3313 1847 3378 2)
1875 3331 1906 3376 γ
2003 3306 2126 3360 affatz
2159 3330 2185 3361 c

353 3389 434 3432 545
466 3386 518 3429 IN
544 3387 587 3431 R
721 3392 803 3436 547
830 3385 1288 3442 QVANDOEQVIDEM
1315 3388 1382 3437 R,
1406 3387 1618 3445 fortasse
1645 3391 1772 3432 recte
1905 3386 2095 3446 iungant
2122 3382 2254 3445 (546),

354 3454 719 3515 Quandoquidem
744 3493 752 3502 .
774 3493 808 3503 ..
834 3460 1031 3504 Teucros
1059 3463 1170 3503 ante
1200 3458 1468 3517 Heynium:
1496 3457 1563 3517 cf.
1605 3457 1874 3517 Waynerus
1899 3457 2002 3501 lect.
2042 3456 2179 3516 Very.
2206 3460 2254 3503 in
