2436 3984
375 198 469 248 130
1062 214 1279 248 VERGILI
1303 214 1490 248 Anums
1518 215 1573 247 1x

511 352 615 415 ipse
644 364 810 399 eomes
848 348 964 398 Niso
1002 350 1241 413 graditur,
1279 364 1547 415 regemque
1585 353 1855 416 requirunt.

579 462 751 512 Cetera
789 477 881 526 per
912 467 1073 511 terras
1111 463 1269 511 omnis
1302 463 1524 512 animalia
1565 479 1737 512 somno

506 553 735 603 laxabant
771 568 916 602 curas
954 558 998 603 et
1040 555 1186 604 corda
1224 554 1373 604 oblita
1403 554 1656 604 laborum:
2167 556 2267 605 225

507 645 739 695 ductores
776 645 1023 697 Tenerum
1062 648 1207 709 primi
1245 652 1293 696 et
1330 645 1516 696 delecta
1556 647 1783 696 iuventus

507 736 763 786 consilium
803 739 1008 786 summis
1044 739 1185 801 regni
1228 738 1288 787 de
1325 738 1476 788 rebus
1512 737 1774 796 habebant,
1830 738 1834 743 “

508 829 623 893 quid
661 828 882 878 facerent
918 830 1084 893 quisve
1121 830 1315 879 Aeneae
1350 832 1448 879 iam
1488 831 1687 879 nuntius
1727 835 1868 879 esset.

505 926 634 969 stant
669 919 827 984 longis
865 920 1027 969 adnixi
1065 921 1231 978 hastis,
1270 921 1319 968 in
1361 925 1497 970 scuta
1530 927 1741 978 tuenteS,

506 1019 780 1061 castrorum
822 1018 870 1062 et
906 1013 1066 1078 campi
1103 1013 1282 1062 medio.
1341 1018 1442 1061 tum
1474 1012 1621 1063 Nisus
1659 1019 1706 1064 et
1729 1029 1824 1063 una
2167 1013 2270 1063 230

504 1103 745 1169 Euryalus
783 1104 1040 1154 confestim
1077 1104 1264 1154 alacres
1303 1105 1546 1155 admittier
1583 1111 1750 1155 orant:

503 1211 610 1245 rem
646 1210 891 1260 magnam,
930 1198 1241 1262 pretiumque
1275 1212 1443 1269 morae
1481 1197 1602 1248 fore.
1662 1198 1851 1262 primus
1890 1196 2024 1246 Iulus

508 1289 699 1353 accepit
735 1289 956 1353 trepidos
997 1305 1054 1338 ac
1090 1288 1262 1338 Nisum
1296 1289 1460 1338 dicere
1497 1289 1654 1340 iussit.

505 1386 610 1429 tum
646 1381 716 1429 sio
753 1380 1063 1445 Hyrtacides:
1101 1381 1288 1431 ‘audite
1326 1397 1354 1429 o
1391 1380 1638 1448 mentibus
1677 1381 1860 1445 aequiS,

505 1472 777 1530 Aeneadae,
819 1487 940 1522 neve
977 1473 1100 1523 haec
1134 1474 1314 1522 nostris
1345 1478 1630 1537 spectentur
1668 1472 1727 1522 ab
1767 1474 1921 1526 annis,
2170 1472 2269 1522 235

506 1579 630 1628 quae
668 1565 886 1614 ferimus.
945 1565 1113 1615 Rutuli
1151 1580 1324 1615 somno
1365 1567 1576 1630 vinoque
1609 1564 1754 1615 soluti
1976 1557 1979 1560 ’

363 1794 705 1828 TESTIMONIA.

477 1867 562 1909 229
591 1870 765 1910 Nonius
796 1867 892 1920 339,
927 1868 953 1910 3
1125 1868 1203 1910 231
1243 1869 1502 1909 ‘admittier
1532 1867 1599 1909 o.’
1634 1868 1871 1909 Charisius
1902 1868 1986 1910 248
2023 1868 2270 1910 Diomedes

362 1924 446 1966 436
476 1926 527 1965 Ρ.
559 1926 762 1967 Isidorus
794 1927 908 1979 orig.
942 1926 964 1966 Ι
995 1925 1065 1977 34,
1098 1924 1124 1965 3
1156 1925 1376 1966 Claudius
1408 1925 1632 1966 Sacerdos
1663 1926 1684 1965 I
1713 1924 1770 1965 94
1920 1925 2003 1966 232
2037 1926 2154 1966 ‘rem
2187 1957 2197 1966 .
2224 1956 2232 1966 .
2257 1955 2268 1966 .

364 1981 486 2022 sore’
519 1983 730 2023 Donatus
763 1982 820 2022 ad
851 1983 956 2022 Ter.
988 1982 1127 2022 Andr.
1159 1983 1228 2022 III
1259 1982 1299 2031 5,
1333 1983 1361 2021 4
1391 1983 1645 2022 Arusianus
1676 1996 1718 2035 p.
1750 1982 1832 2021 247
1863 1983 1915 2022 L.
2053 1982 2136 2023 233
2168 1982 2268 2023 Ser-

365 2039 468 2080 vius
498 2038 613 2080 Aen.
644 2040 714 2079 III
743 2037 827 2078 666
983 2038 1061 2078 ‘ac
1094 2069 1104 2078 .
1128 2070 1138 2079 .
1162 2071 1174 2082 .
1206 2038 1363 2091 iussit’
1396 2039 1569 2079 Nonius
1600 2038 1699 2090 324,
1733 2038 1760 2079 3
1903 2038 1986 2080 235
2018 2039 2156 2080 ‘neve
2188 2072 2199 2082 .
2222 2070 2233 2080 .
2258 2069 2269 2079 .

366 2093 524 2135 annis'
556 2096 810 2136 Arusianus
840 2109 882 2148 p.
914 2093 997 2135 263
1027 2096 1082 2135 L.

364 2310 527 2344 VARIA
549 2310 758 2344 LEOTIO.
1100 2346 1130 2379 E

505 2402 593 2446 223
617 2396 824 2456 graditur
846 2403 901 2457 yl
1002 2395 1154 2441 REGM
1177 2396 1224 2440 F
1319 2395 1524 2441 reuisunt
1550 2395 1764 2454 ‘antiqui
1793 2397 1971 2454 aliquot
1982 2401 1993 2415 ’
2020 2395 2174 2441 Pierii

895 2488 903 2496 ,
1438 2473 1447 2480 -
1548 2460 1561 2492 1
2186 2490 2196 2500 .

366 2514 453 2557 224
483 2508 548 2568 cf.
577 2509 630 2554 Ill
658 2513 738 2558 147
880 2508 1126 2554 TcE'rERA
1152 2510 1199 2554 F
1313 2514 1397 2557 225
1427 2509 1655 2554 OBLATA
1683 2510 1730 2553 F
1819 2513 1905 2558 226
1927 2508 2207 2556 DVCTORES
2232 2510 2278 2555 P

506 2579 679 2626 delecta
705 2581 914 2625 iuventus
942 2597 951 2624 ε
977 2579 1040 2639 cf.
1068 2579 1123 2624 IV
1150 2584 1234 2629 130
1262 2579 1352 2624 VIII
1375 2585 1460 2629 499
1604 2578 1864 2633 DELECTA,
1889 2595 1982 2625 non
1999 2583 2272 2638 praemisso

365 2651 751 2712 et-FMPRybw,
790 2651 942 2696 Pierii
975 2652 1161 2696 codices
1194 2663 1350 2709 paene
1389 2663 1549 2696 omnes
1584 2652 1791 2709 antiqui,
1837 2656 2064 2708 quotquot
2093 2651 2271 2698 habuit.

364 2721 527 2768 dilecta
554 2729 623 2770 cl.
671 2728 716 2767 et
755 2723 926 2780 quibus
957 2723 1007 2767 in
1044 2723 1175 2767 libris
1210 2727 1343 2767 extet
1379 2723 1550 2767 nescio.
1601 2721 1868 2780 Leqebatur
1906 2723 1954 2766 in
1995 2723 2273 2768 editionibus

367 2799 477 2838 ante
502 2793 714 2838 Pierium
742 2812 757 2838 :
783 2792 848 2852 cf.
878 2798 978 2842 246.
1007 2799 1093 2842 309
1205 2798 1290 2841 229
1321 2793 1469 2838 adnixi
1497 2791 1568 2851 (ad
1595 2807 1653 2837 m.
1681 2791 1725 2851 2)
1751 2807 1780 2853 γ
1819 2792 1965 2837 adnixi
1994 2790 2052 2850 (xi
2079 2794 2127 2838 in
2154 2791 2270 2852 ras.)

367 2920 393 2951 c
430 2906 570 2950 innixi
600 2906 743 2951 Nonii
767 2907 968 2963 exempl.
1069 2858 1584 2959 ENSCVT-ATQ-ENTES
1611 2904 1757 2964 (corr.
1784 2893 1960 2950 msccnt.
1982 2907 2030 2949 in
2055 2858 2271 2951 ETSJZVTA

368 2975 668 3034 TENENTES)
698 2977 742 3020 P
783 2975 1318 3021 E'rSCVTATENENTES
1344 2976 1590 3036 FMRybc,
1623 2977 1821 3028 Nonius,
1849 2978 1943 3020 nisi
1965 2978 2092 3034 quod
2115 2982 2272 3021 tenen-

370 3047 428 3093 tis
451 3054 510 3118 γι
538 3052 584 3092 et
610 3047 755 3092 Nonii
779 3047 985 3104 exempl.
1131 3052 1218 3095 230
1250 3046 1446 3091 CAMPIS
1472 3047 1530 3091 M
1562 3048 1706 3107 campi
1736 3047 1929 3092 Servius
1956 3053 2173 3092 testatur.

368 3151 453 3195 231
480 3146 681 3192 eurialus
698 3160 757 3206 γε
848 3113 1054 3191 admittier
1079 3144 1148 3204 (er
1173 3146 1222 3190 in
1252 3144 1369 3204 ras.)
1399 3146 1424 3190 b
1525 3152 1682 3191 ‚orant
1710 3161 1740 3206 γ
1836 3151 1921 3193 232
1947 3145 2054 3190 Rem
2079 3144 2131 3203 (R
2158 3159 2215 3188 m.
2243 3150 2271 3190 2

369 3222 636 3262 atramento
656 3229 768 3272 scr„
791 3216 909 3275 fort.
932 3216 961 3261 C
983 3215 1170 3274 fuerat)
1191 3217 1216 3261 b
1290 3216 1479 3262 MORAT
1502 3216 1561 3261 M
1645 3222 1731 3265 233
1754 3215 1964 3261 ACCIPIT
1984 3214 2042 3258 M
2123 3215 2198 3260 AT
2221 3220 2272 3259 ut

369 3331 457 3375 vid.
476 3330 539 3378 Fl
637 3334 723 3378 234
747 3307 991 3374 hirtaeides
1011 3329 1036 3373 b
1130 3282 1164 3374 ό
1191 3328 1250 3373 M
1328 3335 1412 3377 235
1435 3329 1691 3396 Aeneaeade
1714 3329 1763 3374 bl
1846 3332 1952 3380 ,236
1976 3292 2205 3372 FERIMVS
2230 3327 2276 3372 P

367 3399 620 3446 FEREMUS
645 3399 723 3447 Ml
787 3393 789 3395 θ
842 3459 844 3461 ,
873 3398 1098 3445 SOLVTlS
1125 3399 1170 3444 R
1218 3398 1377 3466 soluti,
1421 3401 1579 3444 adscr.
1608 3414 1666 3442 m.
1698 3411 1796 3443 rec.
1823 3396 1998 3458 sepulti,
2027 3398 2052 3442 b
2103 3397 2270 3458 sepulti

370 3512 458 3556 ηιχ,
487 3497 640 3543 Servii
661 3498 778 3543 Par.
806 3497 872 3557 (in
902 3496 1071 3556 Reyin.
1101 3469 1240 3542 deest·
1258 3470 1347 3542 hoc
1372 3492 1643 3559 scholium),
1673 3497 1750 3542 hic
1775 3497 1977 3551 rectiuS,
2021 3497 2073 3541 ni
2089 3496 2242 3555 fallor
2255 3513 2271 3541 .·

370 3568 434 3627 cf.
465 3575 546 3618 189
