2436 3984
332 172 433 222 212
1034 185 1250 218 VERGILI
1278 184 1468 218 AENEIS
1493 187 1527 216 x

473 325 823 386 effunduntque
862 322 1036 370 ducem
1075 322 1369 386 rapiuntque
1407 321 1465 369 ad
1504 320 1647 370 litora
1688 337 1898 382 currus,

471 393 654 465 interea
692 414 870 475 biiugis
907 413 1058 462 infert
1094 427 1146 460 se
1178 412 1404 474 Lucagus
1438 411 1562 460 albis
2128 414 2230 462 575

472 509 518 556 in
559 506 746 555 medios
786 503 1035 568 fraterque
1068 503 1238 565 Liger;
1277 503 1363 552 sed
1401 503 1556 552 frater
1588 503 1794 561 habenis

470 598 622 646 flectit
657 610 824 660 equos,
865 597 1087 644 strictum
1126 600 1256 643 rotat
1292 610 1406 644 acer
1445 595 1672 659 Lucagus
1710 610 1894 644 ensem.

470 690 588 738 haut
622 687 731 737 tulit
766 688 955 737 Aeneas
992 693 1126 736 tanto
1167 686 1360 736 fervore
1397 687 1630 736 furentis:

469 781 617 830 inruit
654 780 955 844 adversaque
994 781 1168 842 ingens
1200 779 1427 842 apparuit
1463 778 1616 828 hasta.

471 873 550 921 cui
584 872 728 935 Liger
2131 871 2233 921 580

469 972 593 1012 ‘non
632 963 876 1012 Diomedis
916 978 1068 1027 equos
1106 978 1197 1012 nec
1239 977 1441 1012 currum
1480 962 1643 1011 cernis
1679 961 1879 1011 Achillis

471 1060 554 1104 aut
589 1055 831 1120 Phrygiae
869 1070 1093 1120 campos:
1131 1070 1264 1104 nunc
1299 1054 1416 1104 belli
1447 1055 1557 1103 finis
1594 1059 1641 1103 et
1678 1055 1781 1103 aevi

470 1148 546 1196 his
575 1146 774 1196 'dabitur
808 1147 989 1197 terriS.’
1045 1162 1255 1197 vaesano
1290 1146 1402 1196 talia
1441 1146 1538 1196 late

473 1239 600 1288 dicta
639 1238 804 1288 volant
835 1238 1013 1302 Ligeri.
1070 1245 1144 1289 set
1177 1254 1277 1288 non
1317 1245 1365 1289 et
1400 1239 1578 1288 Troius
1612 1238 1760 1287 heros

469 1332 595 1380 dicta
629 1336 772 1396 parat
809 1336 1006 1380 contra:
1045 1330 1256 1381 iaculum
1297 1346 1408 1380 nam
1446 1336 1645 1396 torquet
1682 1331 1730 1379 in
1766 1330 1973 1379 hostem.
2130 1328 2231 1379 585

468 1423 695 1487 Lucagus
731 1429 784 1472 ut
815 1439 1004 1488 pronus
1040 1423 1260 1488 pendens
1299 1425 1347 1472 in
1386 1422 1594 1472 verbera
1628 1422 1725 1471 telo

469 1516 720 1565 admonuit
748 1515 957 1580 biiugos,
990 1495 1211 1580 proiecto
1251 1515 1366 1564 dum
1406 1515 1533 1580 pede
1570 1513 1706 1564 laevo

469 1613 604 1671 aptet
641 1622 693 1657 se
729 1623 939 1673 pugnae,
975 1607 1105 1657 subit
1142 1623 1254 1657 oras
1291 1607 1430 1656 hasta
1467 1622 1557 1671 per
1594 1607 1718 1656 imas

327 1809 665 1842 TESTIMONIA.

438 1884 523 1925 574
556 1883 905 1936 ‘effunduntque
938 1882 1005 1926 d.'
1048 1883 1233 1924 Servius
1263 1883 1377 1924 Aen.
1409 1884 1479 1924 111
1508 1881 1592 1923 470
1763 1882 1846 1922 577
1888 1879 2118 1923 ‘strictum
2151 1912 2161 1922 .
2186 1912 2195 1922 .
2220 1913 2231 1923 .

327 1939 506 1982 ensem’
537 1941 711 1981 Nonius
742 1939 838 1991 402,
874 1939 929 1980 32
1081 1939 1161 1979 581
1194 1941 1407 1980 Donatus
1441 1940 1496 1980 ad
1530 1940 1633 1979 Ter.
1667 1938 1805 1980 Andr.
1835 1939 1899 1979 IV
1928 1940 1970 1990 4,
2002 1937 2058 1979 48
2087 1939 2231 1979 Isido-

326 2011 402 2038 rus
435 1998 548 2050 orig.
582 1998 629 2037 II
651 1995 718 2047 30,
743 1995 769 2036 8
884 1995 967 2036 583
1001 1996 1140 2036 ‘talia
1172 1996 1297 2036 dicta
1328 1994 1510 2037 volant’
1544 1995 1731 2048 Sergius
1762 1994 1872 2036 1830
1892 1997 1944 2036 Ρ.
2061 1995 2145 2035 586
2166 2009 2231 2048 sq.

326 2055 567 2106 ‘Lucagus
599 2084 609 2094 .
634 2083 644 2092 .
669 2084 679 2092 .
713 2052 919 2105 biiugos'
971 2053 1146 2093 Nonius
1177 2053 1274 2102 242,
1309 2053 1334 2091 4
1384 2053 1638 2093 Arusianus
1669 2066 1712 2105 p.
1745 2051 1829 2093 238
1858 2043 1911 2092 L.
1963 2053 2232 2093 Priscianus

329 2109 438 2150 1190
466 2111 518 2150 P.
635 2108 715 2148 587
753 2110 978 2162 ‘proiecto
1011 2139 1021 2149 .
1046 2140 1055 2149 .
1081 2141 1091 2151 .
1123 2107 1330 2162 pugnae’
1362 2109 1627 2149 Macrobius
1659 2109 1753 2151 Sat.
1786 2109 1849 2148 VI
1880 2109 1919 2159 4,
1957 2107 2008 2148 14
2056 2109 2232 2149 Nonius

243 2164 251 2177 ”
325 2166 424 2217 234,
455 2165 511 2206 29
539 2165 788 2206 Diomedes
818 2164 902 2205 408
1019 2165 1248 2218 ‘proiecto
1281 2195 1290 2205 .
1315 2195 1325 2205 .
1351 2195 1361 2205 .
1395 2163 1554 2206 laevo'
1588 2164 1776 2206 Servius
1806 2165 1919 2205 Aen.
1952 2166 2024 2205 III
2055 2163 2139 2205 699

325 2221 410 2262 588
441 2221 587 2263 ‘subit
618 2253 627 2264 .
652 2252 662 2263 .
687 2253 697 2264 .
730 2220 870 2263 imas'
905 2221 1048 2263 schol.
1082 2223 1249 2263 Veron.
1282 2219 1352 2274 81,
1383 2222 1438 2262 22
1468 2223 1525 2263 Κ.
1863 2259 1866 2263 ,

324 2409 488 2443 VARIA
512 2408 721 2442 LEc'mo.

467 2483 554 2528 574
576 2480 649 2524 AT
677 2478 758 2526 Ml
812 2479 857 2524 in
884 2493 928 2524 m
1072 2479 1232 2526 littora
1262 2494 1289 2525 c
1347 2470 1502 2525 littore
1527 2487 1580 2540 yl
1650 2544 1657 2550 ι
1731 2479 1952 2525 CVRRVM
1977 2479 2051 2525 Rc
2099 2472 2235 2525 curri]

325 2579 458 2639 (fort.
479 2592 624 2624 erasa
650 2593 747 2624 una
768 2585 987 2624 extrema
1009 2581 1156 2624 *litera
1182 2585 1289 2637 post
1313 2577 1359 2638 u)
1381 2580 1406 2624 b
1504 2583 1588 2627 575
1616 2552 1737 2640 bigis
1757 2593 1786 2639 γ
1823 2577 1960 2623 BlGlS
1987 2578 2230 2639 Pbiiugis

330 2650 526 2696 Servius
552 2655 759 2695 testatur
878 2650 1130 2696 LVCAGVS
1164 2650 1212 2711 (C
1235 2649 1450 2709 fortasse
1475 2651 1523 2694 in
1553 2649 1671 2713 ras.)
1701 2649 1746 2694 R
1790 2648 2044 2694 LUGAGUS
2071 2649 2130 2693 M

326 2754 412 2799 576
437 2715 607 2794 medios
631 2764 661 2810 y
784 2750 945 2795 frater.
975 2745 1042 2812 (er
1065 2752 1115 2794 in
1144 2747 1260 2812 ras.)
1292 2763 1318 2794 c
1423 2749 1454 2794 si
1483 2750 1565 2797 cl?
1599 2749 1672 2794 sed
1698 2754 1754 2795 62
1876 2740 1959 2797 577
1987 2747 2133 2793 AGER
2161 2748 2229 2795 Pl

365 2816 386 2831 ‘
444 2823 530 2868 578
553 2819 678 2865 Haud
703 2820 757 2865 bc
875 2826 962 2870 579
988 2820 1280 2866 APPARVET
1307 2825 1360 2864 ut
1384 2821 1474 2865 vid.
1502 2820 1571 2867 Pl
1609 2819 1882 2866 APPARUIT
1908 2818 2113 2879 MPzRy

325 2896 408 2939 581
437 2904 520 2936 nec
546 2891 710 2936 currus
732 2905 758 2935 c
814 2905 907 2936 non
931 2906 1091 2937 currus
1118 2891 1338 2938 Donatus
1457 2889 1633 2936 achillis
1653 2889 1752 2950 (ach
1777 2892 1826 2935 in
1856 2886 1972 2952 ras.)
2001 2891 2026 2935 b
2077 2888 2229 2935 achilli

242 2956 250 2962 ⁸
325 2961 515 3020 Menay.
533 2975 635 3019 pr„
660 2975 688 3020 χ
783 2966 869 3010 582
893 2961 1087 3022 phrygie
1114 2977 1144 3023 γ
1181 2962 1385 3023 phrigiae
1417 2962 1443 3007 b
1479 2960 1613 3021 frigie
1638 2975 1664 3006 c
1787 2966 1873 3010 583
1899 2959 2163 3006 VAESANO
2191 2960 2235 3004 P

326 3059 542 3105 VESANO
572 3059 644 3104 Rc
733 3058 923 3127 ⁶LATAE
949 3060 993 3104 R
1119 3066 1206 3109 584
1231 3059 1329 3105 SED
1355 3059 1543 3121 MRybc
1638 3024 1828 3106 TROlVS
1855 3060 1901 3105 P
1995 3065 2079 3108 585
2105 3057 2228 3104 CON-

327 3159 452 3203 TRA·
477 3157 535 3203 M
566 3128 796 3203 “ONTRA-
827 3158 873 3203 P
1013 3157 1155 3204 ‘dicta
1177 3164 1331 3218 parat:
1361 3163 1520 3216 potest
1544 3160 1637 3218 leyi
1661 3164 1706 3204 et
1743 3159 1860 3204 dicta
1884 3165 2015 3218 parat
2047 3155 2228 3202 contra’

329 3228 526 3274 Servius
667 3234 893 3275 contra..
922 3228 1132 3274 .hostem
1183 3235 1408 3287 suspecta
1464 3230 1702 3288 Waynero
1845 3226 2058 3273 HOSTES
2098 3226 2229 3287 12270

325 3298 525 3344 HOSTlS
555 3299 673 3347 PiR
797 3304 883 3348 586
907 3299 971 3344 VT
1001 3299 1046 3343 P
1137 3314 1285 3359 prono
1312 3300 1588 3345 Arusianus
1629 3313 1802 3359 pronus
1830 3297 2026 3342 Servius
2050 3299 2226 3360 confir·

327 3375 425 3414 mat
566 3374 650 3418 587
691 3371 910 3415 ammouit
936 3370 1170 3424 Arusiani
1195 3370 1283 3415 Gu.
1428 3365 1636 3431 biiugos]
1674 3368 1764 3413 IVG
1786 3370 1834 3413 in
1859 3381 1958 3412 ras.
1986 3373 2039 3412 ut
2067 3370 2158 3414 vid.
2182 3368 2227 3412 R

327 3439 497 3499 biiugis
522 3440 756 3486 Arusiani
783 3441 866 3486 Gu.
995 3440 1266 3485 TRAIECTO
1291 3440 1347 3484 M
1378 3441 1585 3500 proiecto
1615 3431 1811 3484 Servius
1835 3443 2040 3483 testatur
2141 3443 2228 3486 588

327 3537 507 3583 APTET
534 3539 580 3583 Ρ
612 3509 744 3599 Aptet
770 3540 811 3598 (e
836 3553 964 3585 corr.
990 3540 1039 3584 in
1065 3537 1105 3598 a)
1130 3554 1159 3597 γ
1195 3538 1379 3584 ΑΡΤΑΤ
1410 3537 1562 3584 MRbc
1656 3537 1794 3584 horas
1822 3553 1852 3599 γ
