2436 3984
327 155 430 206 422

664 299 919 330 AVCTORES.

382 556 452 599 24.
483 554 576 596 vid.
610 553 669 595 ad
699 554 752 594 A.
783 555 806 595 I
834 552 918 595 498
939 566 1041 607 sqq.

813 701 860 711 κ.

912 164 1163 198 ADDENDA
1202 165 1270 198 ET
1310 164 1668 211 cossRIGENDA.

1616 287 1919 330 mmm-omes.

1302 361 1526 454 patosque
1556 359 1910 412 tepenti.Ferre
1941 359 2043 400 sinu
2072 363 2237 400 tremu—

1323 427 1388 455 os,

1360 485 1430 528 23.
1461 485 1552 526 vid.
1586 485 1645 526 ad
1676 459 1761 526 Ge.
1792 485 1889 526 1111
1920 483 2018 526 176.

1362 556 1431 597 24.
1483 555 1692 609 Sulpicia
1741 559 1829 596 sat.
1877 554 1934 596 20
1982 556 2068 597 (1110
2118 561 2237 608 sunt,

1307 612 1469 665 quibus
1502 611 1667 652 extulit
1703 613 1869 665 ingens
1899 612 2047 653 Roma
2086 618 2238 666 caput.

1359 681 1428 724 26.
1459 681 1529 723 36.
1562 682 1694 736 Calp.
1727 682 1816 725 ecl.
1844 683 1933 723 VII
1962 683 1988 722 7
2018 683 2238 730 mirabar,

1303 751 1436 836 qua}
1474 751 1618 780 causa
1668 739 1789 780 foret
1833 739 1923 780 tibi
1966 742 2102 780 tanta
2145 752 2238 780 mo-

1303 809 1387 836 ran
1424 809 1454 836 1.

1359 865 1428 909 31.
1459 865 1671 909 Wernsd.
1702 879 1744 919 p.
1775 865 1829 908 L.
1859 879 1917 909 m.
1947 866 2020 907 III
2054 864 2150 918 148,
2188 865 2238 906 11

1242 923 1259 932 ⁴
1304 935 1519 976 namque,
1539 922 1724 963 fatebor
1741 923 1876 970 enim,
1901 935 2018 976 quae
2039 923 2242 964 maxima

381 1173 438 1215 39
459 1172 517 1225 (V
537 1172 592 1214 62
611 1175 652 1215 Χ
675 1172 762 1226 13).
785 1173 848 1215 cf.
867 1173 1063 1214 Theocr.
1085 1173 1261 1239 XXVII

325 1230 381 1271 58
420 1223 648 1279 vindicus
685 1209 906 1272 λαλέουσι
950 1223 1062 1272 τεὸν
1105 1225 1262 1285 γάμον

326 1282 384 1329 αἱ
410 1280 709 1341 κυπάρισσοι.

381 1767 456 1810 51.
486 1781 569 1823 pro
599 1767 670 1821 64,
703 1767 758 1809 18
787 1767 819 1810 l.
853 1766 1047 1810 LXVIII
1075 1766 1147 1809 97.

382 1937 451 1982 55.
504 1938 564 1980 cf.
610 1938 808 1980 Theocr.
856 1938 947 1980 VII
1004 1937 1080 1980 153
1130 1939 1264 1981 τοῖον

326 1991 500 2048 νέκταρ
552 1991 712 2038 ἔπεισε
761 1987 874 2037 κατ’
925 1986 1072 2038 αὔλια
1121 1993 1262 2038 ποσσὶ

329 2051 568 2105 χορεῦσαι.
620 2053 690 2092 De
722 2052 958 2093 sententia
987 2051 1108 2104 vide,
1143 2065 1261 2105 quae

329 2109 524 2150 Gebauer
554 2107 745 2162 collegit
775 2108 804 2150 l.
836 2108 867 2150 1.
898 2122 942 2162 p.
975 2107 1076 2149 228.

383 2163 453 2206 56.
487 2165 548 2206 cf.
585 2165 780 2221 Gebauer
809 2178 853 2239 p.
887 2163 957 2206 35.

1213 2890 1218 2894 ,
1305 2850 1386 2887 net
1415 2847 1465 2887 in
1498 2846 1662 2888 arbore
1693 2845 1841 2898 nidos,

1304 979 1567 1020 deterrendi
1583 979 1770 1030 Debuit,
1802 979 2020 1020 hortandi
2041 980 2242 1020 maxima

1304 1048 1449 1076 causa
1480 1035 1580 1079 fuit.

1359 1103 1428 1150 36.
1458 1106 1547 1160 leg.
1581 1101 1694 1148 ινίἆ.
1726 1104 1788 1146 ad
1814 1118 1858 1149 v.
1889 1104 1975 1149 263

1359 1175 1428 1218 39.
1476 1175 1617 1218 Rutil.
1660 1176 1793 1218 Nam.
1831 1177 1855 1217 Ι
1898 1175 1950 1218 31
1999 1177 2089 1230 ipsi
2134 1177 2243 1230 quin

1305 1233 1447 1274 etiam
1468 1233 1622 1274 fontes
1642 1233 1682 1274 si
1703 1233 1882 1274 mittere
1906 1246 2080 1285 vocem,
2113 1234 2241 1287 Ipsa-

1305 1302 1391 1343 que
1423 1290 1464 1331 si
1495 1294 1684 1344 possent
1719 1289 1885 1331 arbuta
1922 1293 2080 1331 nostra
2117 1290 2244 1343 loqui

1313 1359 1351 1390 e.
1385 1360 1426 1400 q.
1458 1359 1493 1388 s,

1362 1417 1430 1459 42.
1479 1416 1644 1460 Avien.
1677 1416 1825 1460 descr.
1857 1415 1941 1458 603
1971 1416 2070 1458 illic
2101 1430 2242 1472 saepe

1305 1473 1444 1515 deum
1476 1474 1795 1527 conspeximus
1827 1473 2127 1517 adridentem.

1361 1544 1416 1584 45
1448 1541 1550 1596 (Ge.
1580 1544 1652 1585 III
1682 1543 1768 1593 73).
1816 1544 2078 1588 Nemesian.
2128 1544 2240 1598 Cyn.

1307 1599 1391 1641 114
1418 1600 1526 1641 huic
1563 1599 1760 1654 parilem
1799 1600 2016 1643 submitte
2056 1615 2242 1645 marem.

1362 1655 1431 1699 50.
1460 1657 1671 1700 Wernsd.
1693 1671 1736 1711 p.
1758 1657 1811 1700 L.
1832 1670 1890 1700 m.
1910 1657 1957 1698 11
1986 1656 2084 1710 226,
2107 1656 2164 1700 99
2186 1672 2244 1699 en

1306 1713 1392 1755 tibi
1413 1714 1598 1767 Tityrus
1621 1713 1758 1756 Salvo
1787 1712 1942 1756 laetus
1965 1713 2063 1769 agit
2086 1728 2241 1769 grege.

1361 1826 1417 1868 54
1437 1839 1503 1881 sq.
1554 1826 1664 1870 ibid.
1694 1827 1759 1868 VI
1801 1826 1896 1879 163,
1930 1826 1984 1869 13
2023 1841 2135 1882 apes
2172 1841 2243 1869 su·

1307 1896 1436 1926 surro
1467 1890 1749 1926 murmurant
1780 1888 1942 1938 gratae
1973 1883 2082 1928 levi.

1363 2165 1421 2208 56
1451 2167 1532 2217 (cf.
1565 2166 1624 2207 ad
1656 2166 1736 2208 Ge.
1767 2167 1813 2208 II
1844 2166 1960 2219 384).
1993 2167 2122 2222 Calp.
2155 2168 2241 2212 ecl.

1303 2225 1400 2264 1111
1432 2223 1515 2264 124
1544 2228 1595 2264 ut
1624 2222 1787 2265 nudus
1801 2228 1961 2278 ruptas
1982 2224 2126 2266 saliat
2147 2225 2242 2266 cal-

1309 2285 1440 2322 cator
1470 2281 1517 2320 in
1547 2291 1676 2323 uvas.

1361 2336 1429 2379 58.
1474 2337 1684 2379 Wernsd.
1715 2351 1758 2390 p.
1789 2337 1842 2380 L.
1874 2350 1931 2379 m.
1962 2337 2027 2378 VI
2057 2335 2153 2389 391,
2187 2337 2244 2378 20

1304 2396 1351 2434 et
1382 2396 1537 2434 castus
1567 2397 1717 2434 turtur
1749 2397 1885 2447 atque
1919 2393 2133 2435 columba
2163 2407 2241 2449 ge·

1305 2454 1447 2491 munt.

1360 2505 1416 2548 59
1437 2519 1534 2560 sqq.
1567 2506 1655 2557 (ΙΙΙ
1685 2505 1736 2547 91
1772 2507 1811 2546 V
1841 2505 1896 2547 76
1926 2507 2039 2548 VIII
2069 2507 2136 2550 27.
2168 2506 2241 2560 52)

1301 2585 1360 2594 —
1389 2563 1467 2606 lin.
1504 2562 1533 2604 9
1572 2563 1659 2606 del.
1707 2562 1793 2605 ‘cf.
1831 2563 1902 2604 111
1939 2562 2057 2604 91-
2071 2562 2154 2607 52.’
2190 2585 2237 2593 -

1302 2620 1382 2662 lin.
1433 2619 1485 2660 12
1533 2633 1615 2674 pro
1667 2618 1744 2660 168
1788 2619 1878 2671 leg.
1925 2618 2019 2663 169.
2052 2643 2105 2649 -
2137 2621 2240 2661 add.

1303 2676 1512 2719 Wernsd.
1543 2691 1589 2731 p.
1619 2677 1671 2718 L.
1704 2690 1758 2719 m.
1792 2677 1886 2717 IIII
1916 2675 2013 2727 533,
2046 2670 2102 2717 92
2134 2681 2242 2718 ante

1304 2733 1388 2774 sub
1419 2734 1610 2788 Aegaeo
1641 2733 1867 2787 optabunt
1895 2734 1980 2786 pia
2005 2737 2131 2775 tecta
2160 2747 2241 2788 pa-

1302 2789 1504 2841 lumbes,
1538 2791 1599 2830 Et
1628 2802 1764 2831 versa
1794 2789 2021 2842 halcyone
2063 2803 2242 2844 compo·

1873 2847 2097 2888 Esuriens
2121 2848 2240 2890 vitu-

1301 2903 1372 2944 los
1396 2903 1492 2944 alet
1513 2907 1621 2944 ante
1642 2902 1813 2944 leaena
1833 2915 2073 2956 sequaces,
2090 2903 2241 2958 Atque

1303 2960 1512 3013 impasta
1552 2959 1630 3000 diu
1675 2963 1862 3000 teneros
1911 2959 2022 3014 lupa
2070 2961 2244 3002 nutriet

1306 3029 1474 3070 agnos,
1521 3017 1847 3073 Mutantesque
1897 3017 1995 3057 suis
2044 3016 2242 3059 divisum

1303 3073 1514 3126 partibus
1553 3072 1710 3113 orbem
1739 3073 1832 3112 Aut
1870 3073 2108 3114 Barcaeus
2149 3073 2244 3115 alet

1305 3129 1508 3170 Taurum
1530 3132 1610 3170 aut
1630 3128 1870 3181 Hyrcania
1891 3129 2091 3170 Tauros:
2123 3130 2241 3172 Ante

1304 3185 1551 3238 Thyesteis
1580 3186 1746 3226 iterum
1773 3185 1894 3226 male
1919 3186 2084 3227 territa
2117 3200 2242 3227 men·

1305 3243 1370 3286 sis
1390 3243 1658 3296 Interrupta
1687 3242 1787 3283 dies
1807 3242 1996 3296 refugos
2020 3247 2244 3284 vanescet

1304 3299 1355 3338 in
1394 3302 1539 3340 ortus:
1586 3296 1706 3339 Ante
1743 3298 1918 3339 dabunt
1949 3298 2126 3340 imbres
2163 3301 2242 3341 Ni·
2306 3339 2309 3342 .

1304 3355 1410 3406 lum,
1434 3368 1572 3409 super
1594 3355 1786 3396 aethera
1807 3354 1970 3395 damae
1990 3356 2239 3408 Errabant,

1305 3415 1564 3464 nantesque
1597 3416 1769 3451 canent
1801 3415 1846 3451 et
1883 3411 2073 3453 flumina
2111 3413 2239 3467 plau-

1306 3468 1428 3517 dent,
1462 3468 1610 3518 Quam
1639 3467 1752 3507 mihi
1781 3471 1885 3521 post
1913 3471 2092 3523 tergum
2114 3470 2242 3512 veni·

1307 3528 1390 3565 ant
1420 3528 1503 3565 tua
1533 3525 1668 3576 dona,
1700 3525 1937 3578 magister.
