2436 3984
247 173 260 177 ,
289 125 391 175 444
870 141 1125 174 ADDENDA
1155 143 1222 175 ΕΤ
1263 142 1622 177 OORRIGENDA.

623 274 878 305 AVCTORES.

321 2867 416 2911 467.
449 2841 540 2910 vid'.
575 2870 634 2910 ad
664 2870 750 2914 eol.
782 2872 893 2912 vm
922 2870 989 2912 88.

1571 278 1872 312 IMITATORES.

1314 335 1412 378 402.
1444 336 1503 377 id.
1525 336 1566 376 X
1596 337 1650 375 42
1683 340 1730 377 et
1758 342 1947 391 portant
1978 340 2190 383 calathis.

1315 391 1412 431 404.
1466 392 1593 434 Grat.
1636 392 1750 445 Cyn.
1794 394 1871 433 151
1917 396 2064 447 prima
2108 395 2191 438 illa

1205 445 1208 447 ’
1258 461 1447 499 canum,
1491 461 1584 488 non
1627 449 1724 489 ulla
1768 464 1851 503 per
1897 455 2020 492 artes
2067 452 2190 494 Cura

1294 505 1400 544 rior.

1260 517 1289 556 p
1312 559 1395 600 405
1417 573 1484 612 sq.
1514 561 1696 602 Nemes.
1730 561 1842 614 Cyn.
1877 552 1966 602 107⁸
1990 575 2071 603 seu
2099 564 2191 604 La-

1258 616 1557 658 cedaemonio
1606 621 1766 658 natam
1816 631 1898 659 seu
1945 632 2049 659 rure
2093 620 2188 661 Mo-

1256 672 1395 713 losso.
1459 673 1538 714 123
1569 674 1650 714 sed
1680 687 1771 715 non
1803 674 2056 728 Spartanos
2085 680 2190 717 tan—

1257 732 1353 768 tum
1384 732 1622 771 tantumve
1654 730 1880 779 Molossos
1900 732 2189 773 Pascendum

1259 785 1452 826 catulos.

1313 841 1412 881 414.
1462 842 1524 882 id.
1570 843 1653 882 222
1698 843 1825 884 disce
1870 844 2012 897 igitur
2054 849 2188 898 potus

1253 898 1458 938 medicos
1517 911 1760 952 curamque
1811 900 2063 944 salubrem.
2124 902 2185 942 cf.

1256 953 1384 994 Grat.
1419 953 1532 1006 Cyn.
1564 954 1662 998 414

1311 1010 1408 1050 415.
1440 1010 1539 1051 421.
1574 1010 1706 1064 Calp.
1738 1013 1779 1053 V
1808 1010 1863 1053 89
1892 1011 2046 1053 lurida
2079 1027 2186 1055 con-

1253 1067 1410 1107 veniet
1448 1067 1729 1108 succendere
1771 1068 1974 1122 galbana
2009 1072 2187 1123 saeptis

1322 1155 1332 1164 .
1354 1156 1364 1166 .
1396 1123 1496 1176 ipse
1534 1124 1715 1165 videbis
1751 1124 2024 1179 Serpentum
2063 1127 2186 1167 ceci-

1255 1178 1381 1220 disse
1411 1180 1574 1223 minas.

1307 1235 1405 1279 418.
1435 1237 1527 1279 vid.
1559 1236 1617 1277 ad
1650 1237 1734 1278 ecl.
1766 1237 1807 1278 V
1835 1237 1862 1278 5
1883 1250 1950 1291 sq.
1996 1282 1999 1284 ,

1307 1293 1391 1335 423
1412 1306 1478 1346 sq.
1508 1293 1677 1335 Auson.
1700 1294 1816 1334 Mos.
1842 1294 1922 1336 138
1952 1294 2080 1349 longi
2110 1296 2187 1337 vix

1249 1350 1455 1403 corporis
1487 1351 1673 1402 agmina
1703 1350 1858 1393 solvis.

1303 1405 1388 1447 426
1420 1406 1480 1446 cf.
1513 1406 1566 1446 A.
1598 1407 1646 1447 11
1674 1407 1772 1448 474.

1305 1463 1403 1504 432.
1439 1461 1567 1515 Calp.
1592 1463 1632 1504 V
1661 1461 1717 1503 86
1747 1467 1857 1504 tunc
1890 1464 2045 1515 etiam,
2080 1464 2184 1505 dum

1252 1521 1406 1561 siccus
1456 1532 1588 1571 ager,
1643 1519 1747 1559 dum
1799 1520 1980 1562 fervida
2028 1521 2182 1573 tellus,

1248 1577 1368 1616 Dum
1399 1577 1568 1615 rimosa
1598 1575 1731 1629 palus
1763 1580 1810 1617 et
1840 1576 1980 1618 multo
2002 1577 2182 1619 torrida

1249 1633 1357 1673 limo
1387 1633 1596 1672 Aestuat.

1304 1689 1404 1729 441.
1456 1687 1582 1730 Grat.
1615 1688 1726 1740 Cyn.
1766 1688 1850 1730 418
1885 1689 2104 1731 deformis
2136 1721 2146 1731 .
2170 1723 2181 1733 .

1192 1728 1196 1730 .
1248 1759 1413 1843 qrorffiis
1429 1745 1725 1798 Persequitur
1744 1746 1941 1788 scabies.
1975 1748 2034 1790 cf.
2053 1747 2182 1802 Calp.

1191 1838 1193 1841 .
1395 1815 1462 1854 sq.

1303 1857 1386 1899 449
1407 1871 1504 1911 sqq.
1558 1858 1688 1912 Calp.
1720 1859 1761 1899 V
1791 1857 1846 1899 78
1874 1860 2092 1914 providus
2123 1882 2181 1890 —

1246 1916 1333 1956 hoc
1372 1927 1535 1956 moneo
1567 1937 1620 1943 —
1650 1915 1858 1957 viventia
1899 1916 2076 1957 sulfura
2113 1921 2179 1958 te-

1246 1982 1348 2012 cum
1369 1973 1430 2011 Et
1460 1970 1624 2012 scillae
1657 1976 1799 2025 caput
1829 1976 1969 2027 atque
2000 1974 2180 2015 intacta

1246 2029 1474 2077 bitumina
1504 2031 1651 2081 porta.

1300 2084 1400 2124 450.
1425 2084 1554 2124 Grat.
1578 2084 1692 2136 Cyn.
1715 2084 1798 2126 363
1818 2086 1982 2139 nigrae
2006 2087 2175 2127 circum

1245 2141 1363 2194 picis
1394 2141 1595 2193 unguine
1629 2141 1831 2195 signant.
1878 2142 1962 2183 415
1992 2146 2101 2183 tunc
2133 2148 2179 2183 et

1245 2197 1434 2237 odorato
1494 2196 1727 2238 medicata
1785 2198 2012 2239 bitumina
2069 2201 2177 2240 vino

1243 2254 1550 2307 Imponasque
1619 2254 1746 2307 pices
1825 2256 2176 2309 immundaeque

1243 2323 1428 2363 unguen
1461 2323 1688 2350 amurcae.

1298 2365 1394 2408 453.
1447 2366 1576 2420 Calp.
1609 2367 1649 2408 V
1678 2366 1890 2420 75‘quae
1930 2368 2022 2410 nisi
2054 2369 2176 2411 ferro

1241 2422 1497 2482 Rumpitur.

1296 2479 1395 2519 454.
1436 2475 1574 2522 Grat.
1607 2478 1721 2532 Cyn.
1755 2479 1839 2521 355
1875 2495 1959 2535 per
2000 2481 2174 2523 ulceris

1241 2549 1336 2578 ora.

1295 2591 1394 2634 463.
1444 2592 1607 2634 Avien.
1639 2593 1787 2634 deser.
1821 2592 1901 2634 921
1934 2594 2006 2635 his
2044 2595 2174 2636 cibus

1243 2652 1290 2689 et
1319 2653 1453 2715 potus
1485 2648 1619 2689 simul
1649 2653 1739 2690 est:
1773 2663 1879 2690 nam
1901 2652 2172 2704 sanguinem

1242 2708 1455 2758 equinum
1475 2707 1538 2746 Et
1567 2705 1641 2746 lac
1674 2711 1937 2748 concretum
1967 2720 2049 2761 per
2071 2709 2170 2749 bar-

1240 2762 1357 2803 bara
1388 2766 1576 2816 guttura
1607 2763 1806 2806 sorbent.

1293 2818 1390 2861 464.
1422 2819 1511 2861 vid.
1545 2819 1604 2859 ad
1635 2819 1720 2860 ecl.
1753 2821 1794 2860 V
1822 2820 1862 2863 5.

1292 2930 1418 2972 468s
1424 2945 1494 2985 qq
1527 2932 1587 2972 cf.
1621 2931 1747 2975 Grat.
1776 2932 1893 2984 Cyn.
1927 2933 2011 2974 370
2033 2947 2130 2988 sqq.

1292 2987 1377 3028 470
1398 3001 1463 3040 sq.
1510 2989 1572 3028 id.
1603 2987 1688 3028 479
1725 2989 1850 3029 mille
1892 2993 2052 3031 tenent
2089 3005 2169 3044 pe—

1235 3047 1344 3084 stes.
1405 3045 1614 3085 Wernsd.
1647 3059 1690 3098 p.
1721 3046 1774 3086 L.
1807 3059 1863 3085 m.
1898 3047 1946 3086 II
1976 3047 2079 3098 225,
2113 3046 2168 3088 85

1237 3113 1373 3152 quam
1401 3100 1558 3141 multis
1589 3101 1716 3142 foliis
1746 3102 1864 3142 silva
1896 3103 2168 3144 cadentibus

1234 3157 1444 3196 Nudatur
1482 3157 1648 3209 gelidis
1687 3161 1816 3198 tacta
1858 3159 2164 3211 aquilonibus,

1236 3213 1384 3263 Quam
1416 3213 1570 3254 densis
1601 3214 1787 3254 fluitant
1816 3215 2066 3255 velleribus
2096 3217 2164 3255 ni-

1233 3282 1337 3320 ves,
1382 3270 1496 3309 Tam
1537 3270 1727 3311 crebrae
1756 3271 1979 3323 pecudum
2011 3285 2165 3314 neces.

1290 3324 1388 3368 479.
1441 3325 1567 3366 Grat.
1612 3326 1724 3379 Cyn.
1762 3326 1846 3367 375
1883 3339 1966 3367 seu
2002 3329 2164 3368 vitium

1207 3395 1290 3425 ,ex
1324 3381 1430 3423 alto.

1289 3437 1387 3478 480.
1421 3438 1512 3480 vid.
1547 3439 1605 3478 ad
1634 3438 1688 3478 A.
1719 3439 1783 3479 VI
1813 3437 1907 3480 728.

1289 3492 1385 3536 482.
1430 3495 1556 3535 Grat.
1590 3493 1702 3546 Cyn.
1735 3493 1826 3551 357>
1849 3497 2009 3536 mortis
2042 3496 2163 3536 enim
