2436 3984
331 126 433 176 358
1011 138 1226 172 VERGILI
1252 137 1441 170 Annms
1467 139 1543 170 x11

473 278 708 330 Anchises
744 274 966 340 genitor),
1007 274 1162 322 Dauni
1200 275 1434 323 miserere
1470 280 1698 325 senectae

472 378 519 421 et
555 386 632 418 me
669 382 755 415 seu
794 381 974 428 corpus
1004 364 1263 428 spoliatum
1297 364 1480 415 lumine
1517 367 1670 414 mavis
2125 370 2227 419 935

472 460 623 510 redde
657 458 791 507 meis,
847 457 1016 512 vicisti,
1057 461 1103 505 et
1139 457 1314 505 victum
1348 457 1552 507 tendere
1583 458 1771 523 palmas

473 550 671 601 Ausonii
711 548 898 603 videre;
940 552 1020 597 tua
1054 553 1128 596 est
1161 547 1355 598 Lavinia
1395 549 1628 598 coniunx:

471 642 675 693 ulterius
713 655 775 688 ne
806 639 952 706 tende
987 638 1142 688 odiis.'
1198 641 1331 689 'stetit
1363 656 1478 689 acer
1516 642 1564 689 in
1602 643 1754 690 armis

472 734 676 788 Aeneas,
715 730 908 779 volvens
941 730 1126 786 oculOS,
1165 731 1486 796 dextramque
1522 734 1780 797 repressit;
2133 788 2139 790 ξ

473 831 519 874 et
556 825 651 873 iam
687 824 884 886 iamque
924 825 1080 885 magis
1119 828 1427 872 cunctantem
1463 823 1662 874 flectere
1699 841 1861 875 sermo
2128 828 2231 877 940

474 920 720 980 coeperat,
759 914 930 963 infelix
962 924 1136 964 umero
1175 930 1288 965 cum
1327 918 1559 980 apparuit
1595 916 1691 966 alto
1998 946 2012 969 x

473 1007 664 1058 balteus
703 1012 750 1056 et
783 1007 910 1056 notis
949 1004 1192 1056 fulserunt
1229 1006 1420 1070 cingula
1461 1007 1607 1057 bullis

474 1099 703 1150 Pallantis
738 1099 894 1163 pueri,
927 1099 1106 1148 victum
1144 1115 1290 1164 quem
1326 1098 1522 1149 volnere
1557 1100 1755 1149 Turnus

473 1196 710 1241 straverat
743 1196 888 1255 atque
925 1193 1110 1240 umeris
1145 1192 1398 1241 inimicum
1435 1192 1624 1255 insigne
1665 1191 1883 1256 gerebat.

473 1283 569 1341 ille,
610 1282 764 1332 oculis
802 1285 1061 1348 postquam
1100 1283 1229 1332 saevi
1268 1285 1567 1333 monimenta
1606 1283 1791 1334 doloris
2130 1285 2233 1334 945

475 1377 769 1440 exuviasque
806 1375 982 1431 hausit,
1024 1375 1162 1425 furiis
1199 1390 1436 1450 accensus
1473 1381 1522 1425 et
1553 1377 1625 1425 ira

473 1466 707 1518 terribilis
747 1474 889 1517 ‘tune
924 1467 1040 1516 hinc
1076 1467 1242 1532 spoliis
1278 1467 1445 1517 indute
1481 1483 1705 1517 meorum

476 1561 686 1623 eripiare
726 1559 873 1608 mihi?
928 1558 1089 1608 Pallas
1126 1566 1174 1609 te
1210 1560 1306 1609 hoc
1342 1558 1557 1616 volnere,
1598 1559 1756 1609 Pallas

474 1649 693 1700 immolat
728 1658 776 1700 et
811 1665 1026 1716 poenam
1060 1633 1298 1701 scelerato
1337 1667 1393 1701 ex
1434 1653 1670 1716 sanguine
1706 1651 1882 1708 sumit,'

266 1902 271 1909 ,
334 1866 689 1902 TESTIMONIA.

445 1941 530 1984 934
564 1941 742 1982 ‘Dauni
774 1955 829 1981 m.
862 1939 921 1981 s.’
962 1941 1228 1982 Macrobius
1260 1941 1356 1982 Sat.
1391 1942 1455 1983 IV
1485 1942 1525 1992 3,
1559 1941 1586 1981 5
1624 1940 1767 1982 schol.
1800 1942 1910 1982 Hor.
1944 1955 2081 1982 carm.
2113 1943 2135 1982 I
2165 1943 2234 1995 22,

335 2000 387 2042 13
419 2000 604 2042 Servius
635 1999 748 2038 Aen.
782 1999 803 2038 Ι
835 1996 919 2037 526
1062 1997 1146 2038 935
1177 2011 1243 2050 sq.
1280 1998 1351 2038 ‘et
1385 2027 1397 2039 .
1418 2028 1427 2038 .
1454 2029 1464 2039 .
1497 1997 1634 2038 meis’
1666 1997 1805 2038 Probi
1834 1999 1940 2040 inst.
1972 1999 1995 2038 Ι
2024 1998 2066 2049 6,
2098 1997 2125 2038 8

331 2056 417 2099 936
447 2069 513 2110 sq.
562 2055 742 2096 ‘vicisti
774 2085 784 2095 .
811 2085 819 2094 .
846 2085 855 2093 .
888 2052 1068 2095 videre’
1108 2055 1376 2095 Macrobius
1407 2054 1504 2095 Sat.
1537 2055 1601 2095 IV
1631 2056 1669 2102 2,
1706 2054 1753 2094 11
1930 2054 2123 2095 ‘victum
2155 2085 2165 2096 .
2189 2085 2200 2095 .
2225 2089 2235 2098 .

332 2110 514 2155 videre’
568 2111 751 2152 Servius
782 2111 896 2151 Aen.
929 2111 969 2150 X
999 2108 1109 2150 443⁴
1254 2110 1335 2150 941
1368 2123 1435 2163 sq.
1490 2111 1665 2151 ‘umero
1698 2141 1708 2151 .
1734 2140 1745 2150 .
1768 2141 1778 2151 .
1811 2109 2020 2152 balteus’
2063 2111 2236 2152 Nonius

338 2169 429 2220 194,
455 2169 508 2210 15
600 2167 784 2207 ‘infelix
817 2199 826 2208 .
851 2198 861 2208 .
887 2197 896 2207 .
930 2165 1135 2207 balteus’
1170 2166 1407 2208 Charisius
1437 2166 1493 2208 59
1606 2167 1691 2208 944
1724 2167 1885 2220 ‘atque
1917 2198 1928 2208 .
1952 2197 1963 2208 .
1986 2198 1996 2208 .
2020 2168 2234 2220 gerebat'

332 2226 588 2266 Arusianus
620 2238 661 2277 p.
686 2223 768 2264 232
789 2225 843 2264 L.
960 2222 1043 2262 947
1058 2236 1131 2275 sq.
1166 2224 1294 2263 ‘tune
1328 2254 1338 2264 .
1362 2253 1372 2263 .
1397 2253 1407 2263 .
1441 2221 1574 2263 mihi'
1606 2224 1816 2264 Donatus
1849 2223 1907 2264 ad
1927 2224 2032 2265 Ter.
2054 2224 2234 2264 Phorm.

332 2284 378 2323 II
409 2283 449 2333 2,
481 2281 508 2322 9
556 2281 703 2333 Asper
739 2280 832 2332 112,
864 2279 890 2319 5
1061 2278 1144 2320 947
1179 2281 1308 2320 ‘tune
1341 2309 1352 2320 .
1376 2310 1386 2320 .
1412 2309 1422 2319 .
1454 2280 1678 2321 meorum’
1710 2280 1963 2320 Arusianus
1993 2294 2035 2333 p.
2068 2279 2150 2321 235
2180 2282 2234 2321 L.

445 2337 530 2379 948
561 2350 627 2390 sq.
660 2337 721 2377 cf.
754 2336 1038 2377 Claudianus
1069 2336 1123 2376 de
1154 2336 1276 2377 laud.
1311 2336 1488 2377 Stilich.
1520 2337 1542 2377 Ι
1571 2335 1625 2377 97
1758 2336 1941 2378 ‘Pallas
1973 2340 2017 2377 te
2050 2367 2059 2378 .
2083 2366 2094 2377 .
2122 2367 2130 2377 .
2163 2350 2238 2377 su-

335 2394 439 2436 mit’
481 2393 748 2434 Priscianus
784 2391 891 2433 1180
1066 2393 1131 2433 ‘te
1162 2393 1250 2433 hoc
1281 2407 1324 2434 v.
1356 2393 1539 2434 Poenus
1562 2392 1786 2434 -immolat
1818 2424 1826 2433 .
1853 2424 1863 2435 .
1891 2423 1902 2434 .
1937 2406 1992 2434 ex
2023 2393 2250 2447 dogmate⁴

334 2450 495 2493 sumit'
527 2451 810 2503 Augustinus
843 2454 1003 2491 contra
1034 2449 1262 2490 Iulianum
1292 2449 1458 2503 Pelag:
1482 2450 1551 2491 III
1580 2448 1635 2490 32

332 2640 493 2675 VARIA
521 2637 731 2671 LECTIO.

475 2722 561 2767 934
586 2715 873 2760 ANCHISES·
902 2714 1140 2759 GENITOR
1166 2714 1221 2759 M
1317 2715 1431 2760 ‘suit
1458 2721 1503 2760 et
1535 2715 1614 2760 tibi
1644 2715 1746 2760 talis
1774 2715 2024 2768 Anchises3
2043 2716 2120 2761 hic
2146 2718 2239 2761 dis-

335 2789 642 2848 linyuendum
669 2791 719 2831 ut
750 2787 843 2831 duo
873 2787 1029 2831 dicat.-
1055 2790 1100 2830 et
1124 2784 1327 2831 habuisti
1353 2793 1544 2846 patrem,
1572 2791 1617 2831 et
1642 2792 1771 2846 pater
1802 2791 1873 2830 es'
1907 2785 2101 2831 Servius

334 2867 418 2910 935
445 2866 491 2905 et
520 2872 590 2903 me
618 2853 721 2918 seu]
749 2857 842 2901 sive
866 2871 1015 2902 meum
1042 2855 1227 2901 Probus
1253 2858 1361 2902 inst.
1470 2860 1556 2906 936
1586 2856 1772 2932 VlQlSTI
1796 2856 1844 2908 R
1938 2855 2175 2902 VICTVME
2202 2858 2245 2902 P

430 2977 514 3021 937
551 2948 717 3016 conan
742 2985 772 3031 y
868 2973 1112 3018 939—952
1141 2971 1299 3027 deficit
1325 2970 1369 3014 R
1464 2937 1551 3018 940
1573 2922 1710 3016 ΜΑΕἾΞ
1737 2970 1792 3014 M
1882 2920 2162 3015 FL'ECTERE
2189 2970 2246 3015 M

430 3049 514 3092 941
542 3042 732 3087 humero
756 3054 815 3101 γε
847 3039 1069 3085 UMEROS
1098 3039 1155 3084 M
1267 3040 1451 3085 ALTos
1476 3040 1534 3085 M
1567 3041 1688 3086 ultro
1714 3028 1953 3086 Par-raas.
2042 3040 2145 3086 >alto
2173 3041 2239 3085 in-

338 3129 451 3174 gens
482 3112 692 3159 Charisii
715 3111 896 3170 Neap.,
947 3113 1004 3156 de
1037 3124 1133 3169 qua
1157 3112 1405 3169 scriptura
1443 3112 1546 3157 vide
1582 3124 1705 3170 quae
1731 3112 1917 3158 Keilius
1954 3112 2239 3169 disputavit:

337 3219 549 3261 celerum
574 3211 638 3269 cf.
665 3211 702 3256 X
727 3213 812 3260 579
929 3213 1017 3258 943
1040 3174 1285 3259 PUERLM
1372 3209 1623 3255 VOLNERE
1651 3207 1700 3272 (Ο
1725 3225 1853 3256 corr.
1882 3212 1931 3254 in
1957 3205 2007 3270 V)
2036 3209 2081 3253 P
2113 3208 2239 3253 UUL·

336 3285 478 3331 NERE
506 3283 616 3344 Myc
711 3286 797 3330 944
822 3279 1025 3327 humeris
1044 3294 1070 3325 c
1165 3283 1248 3329 945
1283 3279 1627 3326 MONUMENTA
1651 3280 1732 3325 Mc
1825 3278 2070 3325 DOLORES
2101 3280 2147 3324 P

336 3361 422 3405 946
447 3353 671 3414 Exequial'
693 3365 720 3397 c
841 3351 1049 3402 incensus
1071 3365 1102 3403 ‚c
1224 3355 1306 3400 947
1346 3348 1694 3396 TERBRIBILIS
1719 3350 1772 3394 M
1891 3349 1966 3395 hic
2002 3350 2238 3396 Parrhas.

339 3427 473 3471 etiam
504 3425 779 3469 Arusianus
895 3427 982 3472 948
1006 3421 1255 3467 VOLNERE
1286 3415 1335 3481 (Ο
1362 3417 1492 3466 corr.
1519 3423 1567 3466 in
1593 3419 1641 3483 V)
1669 3421 1714 3465 P
1757 3419 2004 3466 UULNERE
2030 3420 2141 3482 Myc

338 3501 424 3545 949
450 3511 620 3557 poenas
645 3493 827 3540 inimico
858 3509 910 3540 ex
938 3492 1158 3552 sanguine
1185 3493 1428 3538 Prisciani
1451 3493 1654 3550 exempl.
1687 3509 1697 3537 ε
1729 3496 1779 3537 ut
1805 3491 1859 3536 XI
1883 3495 1971 3541 720
