2436 3984
514 1072 1010 1195 ADDENDA*
1043 1127 1163 1196 ET
1202 1102 1888 1234 CORRIGENDA.

812 1521 1252 1577 BUCOLICON
1294 1523 1543 1576 LIBER.

558 1732 817 1763 AVCTOBBS.

275 1962 303 2002 2
334 1960 418 2014 (VI
445 1961 508 2016 8).
568 1963 766 2005 Theoer.
807 1963 895 2005 vn
932 1962 989 2006 50
1025 1954 1155 2019 κῆγώ

217 2013 334 2072 μέν,
391 2011 480 2074 ὅρη
531 2019 672 2074 φίλος
723 2019 777 2063 εἴ
817 2033 890 2063 τοι
947 2012 1153 2074 ἀρέσκει,

222 2067 385 2118 Τοῦθ’
412 2070 486 2119 ὅτι
523 2069 654 2128 πράν
693 2069 748 2119 ἐν
788 2068 889 2130 ὄρει
927 2073 979 2119 τὸ
1018 2071 1158 2131 μελύ-

218 2130 358 2185 δριον
387 2126 677 2186 ἔξεπόνασα.
728 2134 914 2176 Lucret.
946 2135 1041 2176 1111
1071 2133 1156 2175 589

217 2187 373 2230 fistula
401 2189 662 2233 silvestrem
693 2203 752 2233 ne
784 2194 939 2232 cesset
961 2190 1154 2233 fundere

217 2257 407 2290 musam.

275 3177 343 3251 le.
394 3209 465 3251 De
504 3222 590 3251 usu
626 3222 738 3254 voc:
769 3224 822 3252 en
860 3211 962 3253 sim.
1011 3210 1154 3267 (apud

213 3266 410 3309 Theocr.
440 3258 582 3320 ἠνίδε
612 3266 732 3319 sim.)
763 3267 856 3310 vid.
897 3280 1017 3322 quae
1060 3268 1153 3311 col-

213 3322 332 3378 legit
362 3323 558 3366 Gebauer
587 3323 618 3370 l.
649 3323 681 3366 1.
712 3338 757 3379 p.
789 3323 860 3366 29.

1020 1650 1271 1694 ECLOGA
1302 1653 1339 1697 Ι.

1522 1734 1722 1764 nn'rA'ro
1728 1735 1786 1764 RE
1792 1735 1828 1768 S.
1890 1756 1894 1759 -

1262 1792 1296 1836 1.
1327 1793 1491 1837 incert.
1525 1794 1647 1848 apud
1676 1795 1847 1835 Donat.
1880 1795 1965 1837 vit.
1997 1795 2138 1849 Verg.

1198 1849 1308 1891 XVI
1337 1849 1519 1903 Tityre,
1554 1851 1595 1892 si
1624 1855 1736 1904 toga
1768 1851 1904 1893 calda
1933 1852 2023 1893 tibi
2055 1856 2139 1904 est,

1201 1919 1287 1960 quo
1317 1907 1522 1962 tegmine
1553 1907 1686 1960 fagi?

1252 1963 1298 2004 2.
1330 1962 1462 2018 Calp.
1496 1963 1584 2007 ecl.
1615 1964 1726 2006 VIII
1755 1964 1811 2006 27
1841 1964 1924 2006 sed
1954 1965 2143 2018 quia‘tu

1200 2024 1390 2061 nostrae
1439 2033 1618 2062 musam
1668 2021 1882 2075 deposcis
1943 2030 2138 2064 avenae.

1200 2075 1280 2128 (cf.
1334 2077 1530 2119 Gebauer
1578 2077 1634 2118 de
1686 2081 1926 2131 poetarum
1974 2079 2140 2126 Graec.

1198 2133 1305 2174 buc.
1343 2134 1461 2188 inpr.
1493 2134 1731 2176 Theocriti
1771 2135 2053 2176 carminibus
2092 2136 2142 2176 in

1199 2190 1377 2244 eclogis
1409 2203 1437 2231 a
1459 2190 1666 2245 Vergilio
1699 2191 1928 2246 expressis
1949 2191 2061 2241 libri
2079 2193 2139 2238 ΙΙ.

1198 2248 1267 2290 ed.
1298 2248 1345 2288 II
1375 2261 1418 2302 p.
1453 2246 1540 2300 14.)
1627 2253 1647 2274 ⁶

1253 2303 1297 2346 3.
1328 2304 1616 2348 Wernsdorf.
1645 2319 1688 2359 p.
1722 2305 1776 2347 L.
1809 2318 1867 2346 m.
1900 2306 1924 2346 I
1957 2303 2052 2356 180,
2078 2304 2140 2349 ,33

1195 2361 1404 2414 gramine
1437 2374 1540 2402 cum
1561 2365 1689 2404 tacto
1710 2363 1894 2417 patriae
1916 2361 2016 2416 sola
2036 2362 2138 2404 dul-

1196 2417 1273 2458 cia
1302 2417 1490 2472 linquis.

1253 2474 1280 2515 5
1302 2486 1367 2527 sq.
1399 2473 1533 2528 Calp.
1557 2473 1643 2516 ecl.
1667 2475 1764 2516 IIII
1785 2473 1841 2516 38
1872 2478 1918 2516 et
1944 2474 2141 2516 fruimur

1194 2529 1328 2572 silvis
1358 2530 1666 2584 Amaryllidos
1698 2562 1708 2573 .
1733 2561 1743 2572 .
1769 2562 1780 2572 .
1813 2532 1906 2573 nisi
1934 2535 1987 2574 tu
2002 2531 2136 2572 Meli-

1194 2587 1312 2628 boee
1345 2587 1529 2630 fuisses.
1571 2588 1683 2629 VIII
1717 2587 1767 2630 15
1797 2591 1844 2630 te
1875 2601 1998 2630 nunc
2029 2601 2138 2630 rura

1194 2647 1376 2687 sonant.
1807 2658 1818 2662 ·

1251 2699 1292 2742 6.
1326 2701 1386 2743 id.
1410 2701 1432 2742 Ι
1453 2699 1509 2742 46
1530 2700 1636 2742 dum
1666 2699 1860 2756 populos
1891 2700 2005 2743 deus
2035 2692 2136 2756 ip'se

1193 2771 1243 2799 re
1281 2760 1340 2799 et.
1403 2757 1508 2799 add.
1541 2758 1635 2799 IIII
1667 2758 1708 2798 7.
1743 2754 1838 2800 165.
1983 2775 1986 2778 ·

1282 2844 1292 2855 .
1345 2814 1404 2859 id.
1445 2814 1486 2855 V
1523 2814 1578 2855 27
1618 2814 1798 2869 tepidos
1835 2818 1945 2856 tunc
1983 2814 2160 2873 hostia·

1196 2871 1365 2913 cultros
1395 2871 1593 2914 Imbuat.

1250 2927 1293 2970 9.
1324 2928 1436 2971 ibid.
1469 2927 1496 2969 5
1528 2940 1642 2982 quas
1675 2941 1830 2970 errare
1860 2928 1992 2971 vides
2013 2928 2138 2970 inter

1193 2984 1379 3026 dumeta
1410 2998 1466 3027 ca
1503 2984 1632 3027 ellas.

1254 3040 1308 3083 10
1339 3042 1421 3095 (VI
1445 3041 1464 3083 l
1490 3075 1500 3085 .
1524 3042 1584 3083 id.
1607 3041 1698 3083 1111
1718 3040 1774 3083 20
1795 3040 1978 3084 levibus
2000 3054 2134 3096 quem

1194 3111 1336 3153 saepe
1369 3099 1535 3141 cicutis
1561 3098 1746 3140 Ludere
1778 3102 2025 3140 conantem
2055 3112 2133 3141 ve-

1193 3156 1342 3197 tuisti.

1255 3380 1306 3423 13
1327 3394 1392 3435 sq.
1445 3379 1507 3422 id.
1546 3381 1585 3423 V
1624 3379 1679 3422 39
1724 3384 1770 3423 te
1817 3394 1994 3436 quoque
2040 3395 2132 3424 non

1192 3438 1387 3493 pudeat,
1430 3449 1533 3479 cum
1562 3450 1692 3479 serus
1723 3438 1866 3481 ovilia
1894 3439 2039 3491 vises,
2083 3439 2132 3480 Si

1194 3507 1285 3549 qua
1314 3494 1492 3536 iacebit
1523 3494 1622 3537 ovis
1653 3499 1788 3549 partu
1817 3495 2022 3537 resoluta
2061 3509 2130 3537 re-

1194 3552 1340 3605 centi,
1383 3552 1520 3594 Hanc
1566 3551 1767 3594 humeris
1812 3556 1997 3607 portare
2037 3553 2130 3594 tuis
